Date,Sales
1/1/2010,52.14832604
1/2/2010,44.75284434
1/3/2010,52.39531242
1/4/2010,63.6962583
1/5/2010,53.93660088
1/6/2010,55.29035696
1/7/2010,67.47946709
1/8/2010,57.03322688
1/9/2010,44.81874305
1/10/2010,54.26559797
1/11/2010,50.51101775
1/12/2010,54.7846497
1/13/2010,61.79342601
1/14/2010,42.22671046
1/15/2010,39.77380622
1/16/2010,46.74715138
1/17/2010,44.48419994
1/18/2010,59.38419392
1/19/2010,53.88758558
1/20/2010,51.18933612
1/21/2010,71.87624415
1/22/2010,54.37242354
1/23/2010,54.37786933
1/24/2010,43.76708996
1/25/2010,55.07874608
1/26/2010,64.58745352
1/27/2010,55.81215417
1/28/2010,65.67236283
1/29/2010,53.87198682
1/30/2010,53.984649
1/31/2010,52.81343126
2/1/2010,76.69486145
2/2/2010,66.01511415
2/3/2010,58.96100308
2/4/2010,71.62867784
2/5/2010,51.27022894
2/6/2010,60.32672771
2/7/2010,44.26448407
2/8/2010,53.54245898
2/9/2010,69.96526023
2/10/2010,75.57309215
2/11/2010,68.63675529
2/12/2010,62.30354222
2/13/2010,58.41244552
2/14/2010,50.2522848
2/15/2010,60.52043059
2/16/2010,66.78858807
2/17/2010,80.17723426
2/18/2010,72.04070781
2/19/2010,51.12091021
2/20/2010,65.38050407
2/21/2010,60.93592658
2/22/2010,62.76902081
2/23/2010,77.24094032
2/24/2010,81.81024365
2/25/2010,78.55170217
2/26/2010,60.28845871
2/27/2010,62.05793717
2/28/2010,68.37691107
3/1/2010,77.66498002
3/2/2010,70.15596018
3/3/2010,73.68401033
3/4/2010,63.82264567
3/5/2010,58.96886912
3/6/2010,72.53226485
3/7/2010,78.04089536
3/8/2010,70.71212021
3/9/2010,83.40828222
3/10/2010,79.41580107
3/11/2010,68.82825796
3/12/2010,72.70774244
3/13/2010,79.57628757
3/14/2010,68.10591248
3/15/2010,84.96824397
3/16/2010,55.54605003
3/17/2010,84.18278495
3/18/2010,75.73107831
3/19/2010,68.43042344
3/20/2010,68.97220166
3/21/2010,53.41811428
3/22/2010,71.57970929
3/23/2010,80.20657833
3/24/2010,90.23590567
3/25/2010,71.65310619
3/26/2010,65.07834566
3/27/2010,64.90699774
3/28/2010,77.28384002
3/29/2010,76.56797417
3/30/2010,73.67131716
3/31/2010,83.03738285
4/1/2010,77.05308855
4/2/2010,79.73131808
4/3/2010,63.69912203
4/4/2010,67.69242542
4/5/2010,71.11279644
4/6/2010,66.47157474
4/7/2010,81.52911484
4/8/2010,78.55246007
4/9/2010,72.16929509
4/10/2010,67.54380979
4/11/2010,59.054511
4/12/2010,70.90712337
4/13/2010,75.41956025
4/14/2010,72.68257429
4/15/2010,75.07354188
4/16/2010,75.21989801
4/17/2010,84.32852806
4/18/2010,71.55221193
4/19/2010,76.07054026
4/20/2010,77.26347104
4/21/2010,63.40847948
4/22/2010,75.76986388
4/23/2010,72.04797822
4/24/2010,88.48434043
4/25/2010,68.11701253
4/26/2010,75.88401724
4/27/2010,77.00429
4/28/2010,68.7938804
4/29/2010,84.47119924
4/30/2010,76.89051686
5/1/2010,74.37814841
5/2/2010,61.61517328
5/3/2010,83.89157011
5/4/2010,65.22828921
5/5/2010,81.96315423
5/6/2010,91.94148718
5/7/2010,62.00458416
5/8/2010,62.5383044
5/9/2010,68.67163337
5/10/2010,67.59131119
5/11/2010,62.95384762
5/12/2010,76.69943046
5/13/2010,64.76903866
5/14/2010,72.53467237
5/15/2010,58.49822708
5/16/2010,79.02716304
5/17/2010,64.07514953
5/18/2010,71.47398918
5/19/2010,81.32013923
5/20/2010,62.051868
5/21/2010,69.16766544
5/22/2010,74.88406311
5/23/2010,52.31288585
5/24/2010,70.33559955
5/25/2010,74.61971862
5/26/2010,79.53012289
5/27/2010,60.44062792
5/28/2010,55.19625372
5/29/2010,66.98940831
5/30/2010,65.91118973
5/31/2010,69.20121708
6/1/2010,73.62775865
6/2/2010,66.12822296
6/3/2010,70.46510781
6/4/2010,66.35390106
6/5/2010,55.32766168
6/6/2010,76.66990698
6/7/2010,69.17676219
6/8/2010,59.49562604
6/9/2010,74.97242322
6/10/2010,58.9435326
6/11/2010,68.42288666
6/12/2010,68.41175883
6/13/2010,53.26306275
6/14/2010,71.16286877
6/15/2010,70.38367856
6/16/2010,74.33813897
6/17/2010,79.9439534
6/18/2010,58.17936662
6/19/2010,51.11768628
6/20/2010,50.70599196
6/21/2010,54.91265652
6/22/2010,64.43828081
6/23/2010,68.45561526
6/24/2010,64.93965293
6/25/2010,64.70892901
6/26/2010,55.19375813
6/27/2010,67.38642681
6/28/2010,57.25251562
6/29/2010,84.7423709
6/30/2010,68.6536612
7/1/2010,53.78749838
7/2/2010,47.44037511
7/3/2010,56.86370539
7/4/2010,51.88347774
7/5/2010,62.99435492
7/6/2010,64.67976633
7/7/2010,60.97951813
7/8/2010,51.78592722
7/9/2010,41.8066579
7/10/2010,47.35284018
7/11/2010,58.44722697
7/12/2010,56.92448898
7/13/2010,48.86258189
7/14/2010,60.88816806
7/15/2010,59.59003561
7/16/2010,44.80914619
7/17/2010,50.1173808
7/18/2010,50.03307413
7/19/2010,44.04878685
7/20/2010,59.6817357
7/21/2010,61.99076509
7/22/2010,63.18518411
7/23/2010,58.33589151
7/24/2010,35.90456506
7/25/2010,40.11668977
7/26/2010,55.37893376
7/27/2010,59.01071028
7/28/2010,59.72140211
7/29/2010,83.45536151
7/30/2010,52.60219127
7/31/2010,54.15754193
8/1/2010,53.41654853
8/2/2010,54.65381097
8/3/2010,50.58171497
8/4/2010,59.8962637
8/5/2010,44.6950605
8/6/2010,44.40594839
8/7/2010,39.47742372
8/8/2010,44.74932942
8/9/2010,66.29283265
8/10/2010,36.52229968
8/11/2010,57.69539375
8/12/2010,36.3815612
8/13/2010,40.95605828
8/14/2010,50.52890167
8/15/2010,43.09204122
8/16/2010,37.66411393
8/17/2010,44.27607815
8/18/2010,56.20828652
8/19/2010,42.03517195
8/20/2010,45.08713363
8/21/2010,40.83545992
8/22/2010,36.04871616
8/23/2010,62.15195634
8/24/2010,53.81528006
8/25/2010,33.34733827
8/26/2010,48.17872477
8/27/2010,36.90261623
8/28/2010,46.16469007
8/29/2010,33.82901402
8/30/2010,43.02391365
8/31/2010,51.75937602
9/1/2010,55.48461647
9/2/2010,36.12974845
9/3/2010,38.60123814
9/4/2010,34.66167829
9/5/2010,34.09459687
9/6/2010,57.25386878
9/7/2010,50.18447473
9/8/2010,37.73368392
9/9/2010,52.37454618
9/10/2010,57.59168058
9/11/2010,46.09608858
9/12/2010,26.57961891
9/13/2010,38.7082005
9/14/2010,56.57049552
9/15/2010,41.68897746
9/16/2010,48.15100973
9/17/2010,46.41975534
9/18/2010,30.0688333
9/19/2010,37.94614375
9/20/2010,16.37974665
9/21/2010,38.00813687
9/22/2010,45.13820222
9/23/2010,34.4671369
9/24/2010,53.17159442
9/25/2010,25.97356736
9/26/2010,34.87332736
9/27/2010,43.368165
9/28/2010,57.78688858
9/29/2010,35.76650244
9/30/2010,53.89061907
10/1/2010,40.37138397
10/2/2010,29.78119554
10/3/2010,42.35045817
10/4/2010,44.21606342
10/5/2010,41.79771643
10/6/2010,48.19596233
10/7/2010,41.92832396
10/8/2010,41.66452822
10/9/2010,43.4384828
10/10/2010,51.89118438
10/11/2010,33.31166013
10/12/2010,64.29541525
10/13/2010,32.69354621
10/14/2010,44.51015655
10/15/2010,46.21731668
10/16/2010,41.1844182
10/17/2010,35.0570151
10/18/2010,42.42513034
10/19/2010,44.20326317
10/20/2010,44.55147454
10/21/2010,53.51723127
10/22/2010,45.40251309
10/23/2010,34.46823775
10/24/2010,48.34963901
10/25/2010,47.70169557
10/26/2010,55.84207425
10/27/2010,55.53378741
10/28/2010,41.35700636
10/29/2010,39.37139986
10/30/2010,47.33393728
10/31/2010,47.41718781
11/1/2010,46.49446985
11/2/2010,51.73285188
11/3/2010,62.20946764
11/4/2010,44.78377662
11/5/2010,49.79264055
11/6/2010,41.3363246
11/7/2010,42.42593908
11/8/2010,57.11955732
11/9/2010,59.09932144
11/10/2010,60.23167229
11/11/2010,61.72889479
11/12/2010,47.38544986
11/13/2010,50.24344965
11/14/2010,43.55116899
11/15/2010,52.82008431
11/16/2010,53.38328692
11/17/2010,56.45855721
11/18/2010,58.03538325
11/19/2010,42.69029074
11/20/2010,63.57463272
11/21/2010,40.06143275
11/22/2010,42.61755362
11/23/2010,65.82113947
11/24/2010,64.17468797
11/25/2010,60.45231401
11/26/2010,56.4739281
11/27/2010,48.97398777
11/28/2010,43.19271663
11/29/2010,55.22285656
11/30/2010,53.4479124
12/1/2010,67.9743052
12/2/2010,56.63726912
12/3/2010,47.21936876
12/4/2010,48.89825853
12/5/2010,56.09217265
12/6/2010,52.54455821
12/7/2010,54.7447157
12/8/2010,64.59882342
12/9/2010,62.26750661
12/10/2010,52.27927077
12/11/2010,50.22928399
12/12/2010,57.1894874
12/13/2010,48.02951011
12/14/2010,52.63739924
12/15/2010,59.49053554
12/16/2010,61.20242191
12/17/2010,61.43708778
12/18/2010,68.42755794
12/19/2010,64.83290649
12/20/2010,60.98395578
12/21/2010,66.40430709
12/22/2010,59.88653745
12/23/2010,65.43923766
12/24/2010,59.32586459
12/25/2010,61.89902588
12/26/2010,54.05291164
12/27/2010,69.12322213
12/28/2010,81.52848445
12/29/2010,69.75127054
12/30/2010,71.51935008
12/31/2010,69.87762354
1/1/2011,58.91716742
1/2/2011,65.27472
1/3/2011,67.88123998
1/4/2011,72.8601249
1/5/2011,67.248771
1/6/2011,71.31185239
1/7/2011,71.14845275
1/8/2011,76.45521629
1/9/2011,73.87172615
1/10/2011,87.71727394
1/11/2011,68.64627545
1/12/2011,83.11207421
1/13/2011,75.27678227
1/14/2011,87.37007774
1/15/2011,61.05908098
1/16/2011,62.15069827
1/17/2011,68.3584044
1/18/2011,60.44574612
1/19/2011,74.56875941
1/20/2011,70.36702282
1/21/2011,73.67290615
1/22/2011,72.86500013
1/23/2011,86.4700318
1/24/2011,83.33516282
1/25/2011,75.38527529
1/26/2011,74.13577683
1/27/2011,82.90777454
1/28/2011,64.42361488
1/29/2011,87.28108485
1/30/2011,83.37674136
1/31/2011,74.4403756
2/1/2011,68.7382564
2/2/2011,94.57709234
2/3/2011,80.45869013
2/4/2011,87.2695509
2/5/2011,62.23387526
2/6/2011,71.48384016
2/7/2011,80.55049132
2/8/2011,85.11048878
2/9/2011,82.41286797
2/10/2011,88.60047735
2/11/2011,71.04354746
2/12/2011,76.04201098
2/13/2011,79.40666153
2/14/2011,86.76266806
2/15/2011,92.53879995
2/16/2011,79.0995829
2/17/2011,73.39966147
2/18/2011,91.83187792
2/19/2011,81.83606193
2/20/2011,74.42296142
2/21/2011,96.99249729
2/22/2011,89.67649055
2/23/2011,99.40492887
2/24/2011,88.0547137
2/25/2011,99.90614647
2/26/2011,94.99724402
2/27/2011,80.16294439
2/28/2011,94.06606789
3/1/2011,95.59032326
3/2/2011,102.5614279
3/3/2011,81.40221284
3/4/2011,90.480439
3/5/2011,90.95823639
3/6/2011,69.58516378
3/7/2011,78.29160369
3/8/2011,75.54104042
3/9/2011,90.84778576
3/10/2011,96.21536929
3/11/2011,98.32677427
3/12/2011,84.36165422
3/13/2011,97.9239408
3/14/2011,77.91840579
3/15/2011,79.39073187
3/16/2011,93.68265067
3/17/2011,94.63240689
3/18/2011,87.09184564
3/19/2011,68.23526383
3/20/2011,85.14817653
3/21/2011,79.44960625
3/22/2011,99.26116145
3/23/2011,97.90548512
3/24/2011,84.84603341
3/25/2011,84.00703446
3/26/2011,77.02490469
3/27/2011,86.0426427
3/28/2011,98.1684583
3/29/2011,86.61885358
3/30/2011,99.56479231
3/31/2011,88.64150082
4/1/2011,82.25218735
4/2/2011,85.07823366
4/3/2011,78.6566296
4/4/2011,86.45122481
4/5/2011,85.23333519
4/6/2011,111.5205168
4/7/2011,93.39457942
4/8/2011,83.18491569
4/9/2011,87.7925451
4/10/2011,86.14490386
4/11/2011,89.1764168
4/12/2011,99.75231621
4/13/2011,101.8443595
4/14/2011,88.80910165
4/15/2011,84.07598351
4/16/2011,83.73939596
4/17/2011,68.44669293
4/18/2011,78.60075759
4/19/2011,105.5118279
4/20/2011,108.6418015
4/21/2011,90.71867927
4/22/2011,92.91313244
4/23/2011,88.00845616
4/24/2011,111.0324714
4/25/2011,99.1791962
4/26/2011,93.01499443
4/27/2011,87.26068203
4/28/2011,79.24405253
4/29/2011,89.27502767
4/30/2011,78.77656502
5/1/2011,74.29488455
5/2/2011,84.2843865
5/3/2011,84.58352825
5/4/2011,107.5632522
5/5/2011,98.27373391
5/6/2011,86.6727629
5/7/2011,95.72074626
5/8/2011,85.3106541
5/9/2011,81.5508455
5/10/2011,104.3708057
5/11/2011,97.29345681
5/12/2011,81.80527581
5/13/2011,84.0634608
5/14/2011,75.69330528
5/15/2011,72.4142445
5/16/2011,94.60380484
5/17/2011,106.1832057
5/18/2011,80.48496212
5/19/2011,93.26807377
5/20/2011,79.01234383
5/21/2011,77.40330128
5/22/2011,77.31079108
5/23/2011,78.82752223
5/24/2011,89.81339836
5/25/2011,83.51607673
5/26/2011,89.3915129
5/27/2011,82.25303059
5/28/2011,77.80064063
5/29/2011,73.17638788
5/30/2011,79.48783836
5/31/2011,93.80710075
6/1/2011,92.48653187
6/2/2011,77.70029716
6/3/2011,81.72043854
6/4/2011,83.97273665
6/5/2011,65.31025217
6/6/2011,86.65728909
6/7/2011,80.65180541
6/8/2011,91.21386476
6/9/2011,77.56623948
6/10/2011,64.62063101
6/11/2011,63.05818871
6/12/2011,77.15069517
6/13/2011,82.47299797
6/14/2011,76.78802339
6/15/2011,89.81319221
6/16/2011,68.42181558
6/17/2011,76.559673
6/18/2011,64.40666033
6/19/2011,69.55590813
6/20/2011,78.76799343
6/21/2011,75.12252853
6/22/2011,79.60167153
6/23/2011,87.72906032
6/24/2011,70.42969344
6/25/2011,78.7293183
6/26/2011,63.67510955
6/27/2011,80.56328428
6/28/2011,91.46901591
6/29/2011,60.83088296
6/30/2011,71.22547875
7/1/2011,77.58003771
7/2/2011,68.33547039
7/3/2011,73.59611445
7/4/2011,69.40599519
7/5/2011,78.54176593
7/6/2011,77.27146885
7/7/2011,84.85672431
7/8/2011,72.91434557
7/9/2011,70.57857538
7/10/2011,65.25296547
7/11/2011,68.26188348
7/12/2011,72.31797019
7/13/2011,79.60713066
7/14/2011,70.08716319
7/15/2011,71.14439728
7/16/2011,82.43553045
7/17/2011,73.47959898
7/18/2011,67.52591278
7/19/2011,83.36895727
7/20/2011,71.17785523
7/21/2011,55.15181098
7/22/2011,58.77478554
7/23/2011,48.8914581
7/24/2011,61.73683353
7/25/2011,68.33333379
7/26/2011,85.23684678
7/27/2011,75.13886306
7/28/2011,67.80053477
7/29/2011,71.58745609
7/30/2011,44.2983031
7/31/2011,64.58095467
8/1/2011,72.51815264
8/2/2011,58.18068765
8/3/2011,79.87692267
8/4/2011,70.48479958
8/5/2011,59.87406076
8/6/2011,65.31507055
8/7/2011,79.14889636
8/8/2011,66.11596301
8/9/2011,70.32802547
8/10/2011,65.40855542
8/11/2011,59.35887565
8/12/2011,68.24467656
8/13/2011,51.83516098
8/14/2011,60.01284819
8/15/2011,59.32323816
8/16/2011,70.68460742
8/17/2011,70.29082606
8/18/2011,73.02414247
8/19/2011,56.11667567
8/20/2011,55.14878381
8/21/2011,50.26379687
8/22/2011,58.27386952
8/23/2011,68.58550423
8/24/2011,72.42285821
8/25/2011,56.12347475
8/26/2011,65.96263947
8/27/2011,66.9943292
8/28/2011,60.27572402
8/29/2011,75.75024309
8/30/2011,58.31818825
8/31/2011,55.38526156
9/1/2011,48.28113131
9/2/2011,70.01917606
9/3/2011,60.46449166
9/4/2011,55.63958481
9/5/2011,62.12767641
9/6/2011,54.69301914
9/7/2011,84.13365828
9/8/2011,62.8068434
9/9/2011,58.22551082
9/10/2011,60.37288238
9/11/2011,59.30746175
9/12/2011,61.09234749
9/13/2011,56.8249741
9/14/2011,67.82997458
9/15/2011,76.35884754
9/16/2011,67.68251653
9/17/2011,66.92049431
9/18/2011,51.01757306
9/19/2011,51.0722047
9/20/2011,61.87028667
9/21/2011,64.2720587
9/22/2011,69.86459796
9/23/2011,43.22838718
9/24/2011,66.30102493
9/25/2011,53.77365659
9/26/2011,55.54533136
9/27/2011,54.79210204
9/28/2011,50.64087029
9/29/2011,67.7910827
9/30/2011,57.49055464
10/1/2011,43.92215066
10/2/2011,44.89565597
10/3/2011,56.53404944
10/4/2011,76.54245472
10/5/2011,62.14574203
10/6/2011,49.56472041
10/7/2011,55.36359008
10/8/2011,52.52691928
10/9/2011,34.18936566
10/10/2011,59.33538758
10/11/2011,61.93340454
10/12/2011,70.42382057
10/13/2011,77.05421575
10/14/2011,67.05565941
10/15/2011,53.31198788
10/16/2011,47.70729738
10/17/2011,81.19218634
10/18/2011,65.13055248
10/19/2011,65.88172638
10/20/2011,63.02571028
10/21/2011,60.62379444
10/22/2011,55.34382429
10/23/2011,53.04523986
10/24/2011,57.34466514
10/25/2011,65.54796991
10/26/2011,62.61480053
10/27/2011,58.7463088
10/28/2011,61.15911013
10/29/2011,55.76534882
10/30/2011,71.01055375
10/31/2011,41.89316388
11/1/2011,75.96043407
11/2/2011,78.38593575
11/3/2011,49.353345
11/4/2011,59.09354883
11/5/2011,56.39665296
11/6/2011,49.31679366
11/7/2011,58.51155186
11/8/2011,60.0114324
11/9/2011,84.1371756
11/10/2011,75.16134073
11/11/2011,73.77620695
11/12/2011,66.94311402
11/13/2011,53.37843311
11/14/2011,62.40383757
11/15/2011,74.70844664
11/16/2011,62.27043028
11/17/2011,75.33889532
11/18/2011,63.67022572
11/19/2011,60.18980813
11/20/2011,70.14623566
11/21/2011,72.23037496
11/22/2011,70.01002986
11/23/2011,83.45391231
11/24/2011,63.14519818
11/25/2011,72.70554219
11/26/2011,70.14429247
11/27/2011,64.21861184
11/28/2011,73.54651244
11/29/2011,65.17420814
11/30/2011,83.88044364
12/1/2011,72.64644862
12/2/2011,65.95064586
12/3/2011,76.16773852
12/4/2011,63.45761714
12/5/2011,62.08772731
12/6/2011,65.16801791
12/7/2011,83.79357987
12/8/2011,66.35820929
12/9/2011,86.66482935
12/10/2011,53.6316993
12/11/2011,85.19226277
12/12/2011,77.5879243
12/13/2011,79.40717661
12/14/2011,77.16077813
12/15/2011,82.38349661
12/16/2011,74.92762336
12/17/2011,81.72856069
12/18/2011,75.16155079
12/19/2011,79.74074025
12/20/2011,79.92126298
12/21/2011,83.72389316
12/22/2011,84.32150491
12/23/2011,64.22469746
12/24/2011,64.80196871
12/25/2011,82.88641155
12/26/2011,82.60437935
12/27/2011,84.06327998
12/28/2011,87.03706601
12/29/2011,87.35432375
12/30/2011,76.30628072
12/31/2011,72.08235218
1/1/2012,81.31671463
1/2/2012,76.22169458
1/3/2012,91.61321948
1/4/2012,76.08106867
1/5/2012,95.61841275
1/6/2012,87.21525271
1/7/2012,83.16502268
1/8/2012,90.33061669
1/9/2012,100.0880518
1/10/2012,99.17347146
1/11/2012,77.6810835
1/12/2012,79.84921177
1/13/2012,81.13019946
1/14/2012,84.01270106
1/15/2012,89.28976082
1/16/2012,83.62921917
1/17/2012,95.21437634
1/18/2012,89.01686986
1/19/2012,87.83497554
1/20/2012,77.50549719
1/21/2012,79.03620827
1/22/2012,76.94049688
1/23/2012,84.22037573
1/24/2012,104.7276031
1/25/2012,90.02833482
1/26/2012,116.3344691
1/27/2012,95.23766623
1/28/2012,90.41648791
1/29/2012,83.38557387
1/30/2012,100.1103961
1/31/2012,94.15537487
2/1/2012,101.0424325
2/2/2012,118.179108
2/3/2012,92.92523155
2/4/2012,100.5135254
2/5/2012,86.98690652
2/6/2012,96.56562908
2/7/2012,115.2416435
2/8/2012,97.34192897
2/9/2012,114.4652986
2/10/2012,101.5983952
2/11/2012,89.03709507
2/12/2012,99.86333017
2/13/2012,106.7914287
2/14/2012,108.1883337
2/15/2012,91.90710456
2/16/2012,96.23194061
2/17/2012,96.01112761
2/18/2012,94.9673143
2/19/2012,101.765948
2/20/2012,102.3991584
2/21/2012,94.46722327
2/22/2012,109.4156977
2/23/2012,108.8075557
2/24/2012,104.3115913
2/25/2012,106.0187273
2/26/2012,105.2489159
2/27/2012,106.3947949
2/28/2012,106.2988712
2/29/2012,94.76264959
3/1/2012,109.0016396
3/2/2012,103.1018039
3/3/2012,101.1169764
3/4/2012,89.89987328
3/5/2012,95.57332401
3/6/2012,116.7495913
3/7/2012,109.161478
3/8/2012,112.4073644
3/9/2012,103.0202801
3/10/2012,100.4982853
3/11/2012,108.8981878
3/12/2012,101.3333553
3/13/2012,110.2948803
3/14/2012,106.9426105
3/15/2012,104.6033808
3/16/2012,101.4052082
3/17/2012,103.0827922
3/18/2012,98.56783305
3/19/2012,116.4738825
3/20/2012,103.2952005
3/21/2012,110.0318293
3/22/2012,105.4071691
3/23/2012,116.2595966
3/24/2012,103.6427264
3/25/2012,111.3763906
3/26/2012,95.22628916
3/27/2012,113.2304185
3/28/2012,119.2447297
3/29/2012,110.1430105
3/30/2012,113.7261066
3/31/2012,98.40918079
4/1/2012,114.8322775
4/2/2012,125.8964498
4/3/2012,108.5444074
4/4/2012,108.8753596
4/5/2012,121.3821099
4/6/2012,118.06775
4/7/2012,98.55215792
4/8/2012,100.3422327
4/9/2012,105.355948
4/10/2012,100.7552662
4/11/2012,105.1127884
4/12/2012,101.70349
4/13/2012,99.22943217
4/14/2012,102.3573687
4/15/2012,105.4365488
4/16/2012,119.8327628
4/17/2012,103.3021504
4/18/2012,120.0744344
4/19/2012,107.7224674
4/20/2012,104.6339598
4/21/2012,107.6515511
4/22/2012,94.15970015
4/23/2012,110.0273996
4/24/2012,112.1209112
4/25/2012,115.6009667
4/26/2012,111.1706731
4/27/2012,124.0567261
4/28/2012,96.49771709
4/29/2012,98.20241674
4/30/2012,101.2544867
5/1/2012,105.5798493
5/2/2012,105.7598367
5/3/2012,117.5305697
5/4/2012,114.9033517
5/5/2012,96.12289206
5/6/2012,94.84536996
5/7/2012,109.0297287
5/8/2012,104.5900314
5/9/2012,114.872289
5/10/2012,108.557879
5/11/2012,90.29599398
5/12/2012,111.9185302
5/13/2012,114.6882941
5/14/2012,99.14102948
5/15/2012,104.6594686
5/16/2012,110.8178171
5/17/2012,108.3014754
5/18/2012,106.3513759
5/19/2012,114.2514391
5/20/2012,97.50774792
5/21/2012,96.23026118
5/22/2012,95.27159123
5/23/2012,101.2008064
5/24/2012,103.8509803
5/25/2012,113.9030231
5/26/2012,92.46636346
5/27/2012,99.12555001
5/28/2012,100.8722107
5/29/2012,114.1758519
5/30/2012,125.6024517
5/31/2012,98.18456257
6/1/2012,93.92392543
6/2/2012,103.2313855
6/3/2012,101.039793
6/4/2012,114.0058497
6/5/2012,107.5485297
6/6/2012,100.7014802
6/7/2012,105.3266324
6/8/2012,104.8606432
6/9/2012,99.57586365
6/10/2012,97.75974186
6/11/2012,105.8661098
6/12/2012,110.3162793
6/13/2012,112.7028497
6/14/2012,103.84645
6/15/2012,92.69573329
6/16/2012,92.21433927
6/17/2012,101.3698831
6/18/2012,88.80180829
6/19/2012,101.9048872
6/20/2012,96.48214635
6/21/2012,96.86039285
6/22/2012,102.2250346
6/23/2012,90.52593932
6/24/2012,90.03829518
6/25/2012,82.40061192
6/26/2012,102.861576
6/27/2012,102.7233618
6/28/2012,111.8623951
6/29/2012,87.45711677
6/30/2012,88.66898169
7/1/2012,89.57792435
7/2/2012,103.8132704
7/3/2012,94.04220908
7/4/2012,97.70424123
7/5/2012,97.33237719
7/6/2012,89.32604266
7/7/2012,81.25982829
7/8/2012,87.05349542
7/9/2012,97.70373185
7/10/2012,84.51730754
7/11/2012,94.46521448
7/12/2012,84.80286538
7/13/2012,95.33411392
7/14/2012,70.59302157
7/15/2012,78.98397068
7/16/2012,90.09499301
7/17/2012,103.2249899
7/18/2012,90.8562652
7/19/2012,83.95318038
7/20/2012,98.82476567
7/21/2012,69.20768321
7/22/2012,63.89036722
7/23/2012,88.63575366
7/24/2012,84.73624962
7/25/2012,81.27850714
7/26/2012,92.14261403
7/27/2012,83.82244657
7/28/2012,74.39190078
7/29/2012,69.36797178
7/30/2012,90.24239349
7/31/2012,92.11953717
8/1/2012,86.83899211
8/2/2012,99.45230467
8/3/2012,71.53485205
8/4/2012,64.94448109
8/5/2012,72.34057246
8/6/2012,81.18536202
8/7/2012,87.17444522
8/8/2012,84.03539371
8/9/2012,85.85220417
8/10/2012,68.46401707
8/11/2012,87.10442524
8/12/2012,75.64964356
8/13/2012,88.9453816
8/14/2012,86.45299716
8/15/2012,88.12981596
8/16/2012,86.13198584
8/17/2012,80.62419325
8/18/2012,79.29090732
8/19/2012,85.56402493
8/20/2012,80.23277261
8/21/2012,88.06694232
8/22/2012,82.47223612
8/23/2012,91.84020538
8/24/2012,70.40836079
8/25/2012,87.36563395
8/26/2012,73.45098412
8/27/2012,66.08874063
8/28/2012,82.32740857
8/29/2012,76.68310997
8/30/2012,86.01996596
8/31/2012,69.60860332
9/1/2012,68.43367248
9/2/2012,57.73626196
9/3/2012,73.03250828
9/4/2012,61.06358944
9/5/2012,68.64873033
9/6/2012,84.60327807
9/7/2012,80.37817707
9/8/2012,74.70633134
9/9/2012,64.45396164
9/10/2012,75.6443937
9/11/2012,79.83915164
9/12/2012,71.50487363
9/13/2012,90.03773252
9/14/2012,80.64025174
9/15/2012,69.10376116
9/16/2012,72.0131094
9/17/2012,77.34105759
9/18/2012,63.22186098
9/19/2012,78.52218436
9/20/2012,72.3227038
9/21/2012,65.41680759
9/22/2012,68.47162025
9/23/2012,86.06913599
9/24/2012,80.73115933
9/25/2012,74.95764466
9/26/2012,85.09262069
9/27/2012,89.02688554
9/28/2012,80.92148935
9/29/2012,71.33337225
9/30/2012,66.68936504
10/1/2012,81.40876932
10/2/2012,82.93490678
10/3/2012,87.97484967
10/4/2012,83.25616564
10/5/2012,82.30498761
10/6/2012,66.99997128
10/7/2012,82.87088176
10/8/2012,77.9119523
10/9/2012,96.93853016
10/10/2012,75.89039963
10/11/2012,92.69419846
10/12/2012,76.16455512
10/13/2012,66.78411352
10/14/2012,69.21503213
10/15/2012,74.56342285
10/16/2012,84.56533215
10/17/2012,86.46251031
10/18/2012,75.13301039
10/19/2012,75.3425761
10/20/2012,90.1295976
10/21/2012,87.94207434
10/22/2012,81.69182193
10/23/2012,82.59026115
10/24/2012,84.39326808
10/25/2012,85.82266086
10/26/2012,68.5854364
10/27/2012,72.20097439
10/28/2012,62.07951537
10/29/2012,82.73909148
10/30/2012,88.84518653
10/31/2012,80.98590896
11/1/2012,94.9614667
11/2/2012,68.45304341
11/3/2012,64.07236893
11/4/2012,78.78681583
11/5/2012,89.5203703
11/6/2012,98.77220356
11/7/2012,82.84798646
11/8/2012,92.7007771
11/9/2012,79.68654768
11/10/2012,76.17506617
11/11/2012,85.8620384
11/12/2012,88.19612697
11/13/2012,74.5555591
11/14/2012,100.2287943
11/15/2012,97.04050197
11/16/2012,76.94910812
11/17/2012,82.71157556
11/18/2012,84.76363748
11/19/2012,87.1106427
11/20/2012,84.84052389
11/21/2012,85.14779364
11/22/2012,87.9271597
11/23/2012,93.49423881
11/24/2012,86.07917695
11/25/2012,80.05758914
11/26/2012,93.4352697
11/27/2012,68.71580396
11/28/2012,101.9962638
11/29/2012,76.52283564
11/30/2012,83.54484004
12/1/2012,75.12738925
12/2/2012,75.04123431
12/3/2012,98.94567762
12/4/2012,90.18050473
12/5/2012,98.01610375
12/6/2012,92.52245401
12/7/2012,92.73667258
12/8/2012,87.1933694
12/9/2012,77.64621816
12/10/2012,100.157443
12/11/2012,92.51642855
12/12/2012,85.35124771
12/13/2012,92.04752792
12/14/2012,103.5151879
12/15/2012,95.9827933
12/16/2012,87.73594996
12/17/2012,92.02036463
12/18/2012,96.53194241
12/19/2012,117.0671659
12/20/2012,101.1872601
12/21/2012,97.61812579
12/22/2012,100.1006306
12/23/2012,95.12078676
12/24/2012,95.43465829
12/25/2012,100.2333537
12/26/2012,102.585358
12/27/2012,100.544135
12/28/2012,102.7134083
12/29/2012,94.99224363
12/30/2012,101.792932
12/31/2012,99.5849143
1/1/2013,104.9005253
1/2/2013,89.64088723
1/3/2013,110.6412565
1/4/2013,102.1327634
1/5/2013,105.0283666
1/6/2013,75.22786745
1/7/2013,119.4015983
1/8/2013,105.873863
1/9/2013,117.2075346
1/10/2013,97.70270115
1/11/2013,106.9693867
1/12/2013,91.31762108
1/13/2013,96.10203402
1/14/2013,120.6940394
1/15/2013,108.1445206
1/16/2013,112.7524486
1/17/2013,115.6442217
1/18/2013,108.6845065
1/19/2013,103.5895873
1/20/2013,106.6419116
1/21/2013,127.2272148
1/22/2013,111.8145145
1/23/2013,115.21397
1/24/2013,119.6671416
1/25/2013,116.1268515
1/26/2013,114.4307731
1/27/2013,111.3644024
1/28/2013,101.3715755
1/29/2013,127.8413795
1/30/2013,106.9149698
1/31/2013,116.1449988
2/1/2013,103.6912653
2/2/2013,106.844443
2/3/2013,111.2872477
2/4/2013,115.4680124
2/5/2013,120.5091751
2/6/2013,131.3330431
2/7/2013,119.6669504
2/8/2013,110.0635304
2/9/2013,117.3375256
2/10/2013,120.4155813
2/11/2013,105.2937827
2/12/2013,124.10476
2/13/2013,126.198191
2/14/2013,115.7967836
2/15/2013,125.1336749
2/16/2013,110.5077114
2/17/2013,113.9593259
2/18/2013,115.756023
2/19/2013,121.4466948
2/20/2013,113.7851656
2/21/2013,108.5930087
2/22/2013,128.7892735
2/23/2013,106.8062971
2/24/2013,106.8655665
2/25/2013,101.7231764
2/26/2013,117.9873359
2/27/2013,113.7144518
2/28/2013,134.9597558
3/1/2013,125.7879919
3/2/2013,109.7186092
3/3/2013,134.4232264
3/4/2013,128.3762855
3/5/2013,122.036702
3/6/2013,105.8043465
3/7/2013,141.6153467
3/8/2013,108.0204576
3/9/2013,103.4512869
3/10/2013,125.9377342
3/11/2013,141.3560714
3/12/2013,136.9875911
3/13/2013,131.550802
3/14/2013,129.2473865
3/15/2013,127.1272553
3/16/2013,123.8098974
3/17/2013,121.0915542
3/18/2013,123.7171467
3/19/2013,126.4185682
3/20/2013,121.9739327
3/21/2013,123.1700959
3/22/2013,107.642266
3/23/2013,117.7974186
3/24/2013,111.7384823
3/25/2013,114.8193895
3/26/2013,129.0822786
3/27/2013,139.8246063
3/28/2013,133.4039869
3/29/2013,109.2227966
3/30/2013,111.2268316
3/31/2013,127.6918708
4/1/2013,116.2654051
4/2/2013,126.2819239
4/3/2013,133.4834975
4/4/2013,118.6637979
4/5/2013,122.9415019
4/6/2013,108.7419482
4/7/2013,115.5836693
4/8/2013,126.8711095
4/9/2013,115.4812685
4/10/2013,132.7118387
4/11/2013,126.3172055
4/12/2013,126.5410417
4/13/2013,121.1870473
4/14/2013,131.2483738
4/15/2013,125.2144597
4/16/2013,124.6490778
4/17/2013,129.9849548
4/18/2013,130.5988046
4/19/2013,122.2498538
4/20/2013,119.4182298
4/21/2013,114.3771736
4/22/2013,118.5276037
4/23/2013,116.4421253
4/24/2013,142.5425514
4/25/2013,115.8018253
4/26/2013,115.7772331
4/27/2013,112.7691839
4/28/2013,126.5371576
4/29/2013,120.8178554
4/30/2013,136.9538201
5/1/2013,122.4295018
5/2/2013,127.2190572
5/3/2013,113.8352753
5/4/2013,134.8387486
5/5/2013,109.001968
5/6/2013,124.745244
5/7/2013,131.0959208
5/8/2013,130.146613
5/9/2013,122.4889521
5/10/2013,118.429387
5/11/2013,116.9441047
5/12/2013,116.2093685
5/13/2013,128.8273374
5/14/2013,142.5269479
5/15/2013,121.1612206
5/16/2013,111.7660949
5/17/2013,117.4837556
5/18/2013,135.9226139
5/19/2013,109.6170628
5/20/2013,132.8605531
5/21/2013,136.8664234
5/22/2013,119.7657491
5/23/2013,125.8214473
5/24/2013,129.7345378
5/25/2013,110.7420922
5/26/2013,112.8813549
5/27/2013,113.5316224
5/28/2013,113.7386837
5/29/2013,117.3871894
5/30/2013,109.8406212
5/31/2013,115.3187782
6/1/2013,105.930845
6/2/2013,114.6731659
6/3/2013,104.0087492
6/4/2013,122.7531941
6/5/2013,127.4782387
6/6/2013,101.8906567
6/7/2013,116.2273875
6/8/2013,120.0818638
6/9/2013,101.2773241
6/10/2013,127.9704012
6/11/2013,121.5751929
6/12/2013,113.2704333
6/13/2013,115.4791996
6/14/2013,115.7713112
6/15/2013,108.9239321
6/16/2013,113.3061635
6/17/2013,105.2530569
6/18/2013,117.5941891
6/19/2013,105.6053936
6/20/2013,113.0291299
6/21/2013,102.0567138
6/22/2013,100.4053128
6/23/2013,116.8496027
6/24/2013,119.3054436
6/25/2013,119.0613989
6/26/2013,106.1187748
6/27/2013,109.3237175
6/28/2013,116.923388
6/29/2013,105.3492107
6/30/2013,123.4374166
7/1/2013,111.6401377
7/2/2013,113.640739
7/3/2013,110.2985283
7/4/2013,110.8363382
7/5/2013,103.9114284
7/6/2013,107.7931926
7/7/2013,110.4502258
7/8/2013,100.1211974
7/9/2013,99.37240302
7/10/2013,96.00285077
7/11/2013,111.7567982
7/12/2013,94.23364232
7/13/2013,82.83982524
7/14/2013,103.8458074
7/15/2013,124.3003288
7/16/2013,107.9282693
7/17/2013,115.3630401
7/18/2013,106.3188702
7/19/2013,100.2502682
7/20/2013,105.4065065
7/21/2013,96.41675039
7/22/2013,104.5087488
7/23/2013,108.5758885
7/24/2013,101.3487303
7/25/2013,111.6524598
7/26/2013,97.70780971
7/27/2013,90.08891926
7/28/2013,101.1275572
7/29/2013,93.29460187
7/30/2013,104.3573474
7/31/2013,104.7675988
8/1/2013,110.5685299
8/2/2013,101.089103
8/3/2013,94.13811112
8/4/2013,101.6010982
8/5/2013,109.8481587
8/6/2013,106.8598106
8/7/2013,103.210687
8/8/2013,89.69647739
8/9/2013,87.10349095
8/10/2013,90.25308145
8/11/2013,88.56367247
8/12/2013,95.63635389
8/13/2013,101.2815435
8/14/2013,105.8223729
8/15/2013,98.11064179
8/16/2013,98.02692144
8/17/2013,91.748761
8/18/2013,76.20222987
8/19/2013,88.212258
8/20/2013,98.29959541
8/21/2013,90.56086122
8/22/2013,102.1577797
8/23/2013,105.0952464
8/24/2013,99.72848056
8/25/2013,89.07539386
8/26/2013,106.4617355
8/27/2013,99.48307855
8/28/2013,96.41606958
8/29/2013,91.35878956
8/30/2013,89.37088383
8/31/2013,85.84852111
9/1/2013,91.15636256
9/2/2013,94.8655477
9/3/2013,97.39844714
9/4/2013,101.7242801
9/5/2013,104.9432319
9/6/2013,98.57550409
9/7/2013,76.29989516
9/8/2013,68.62384434
9/9/2013,100.355046
9/10/2013,85.77623236
9/11/2013,95.80577724
9/12/2013,85.47050537
9/13/2013,76.01506572
9/14/2013,92.00136601
9/15/2013,94.65803233
9/16/2013,87.83720724
9/17/2013,75.59117552
9/18/2013,92.88185545
9/19/2013,97.65360959
9/20/2013,78.32742896
9/21/2013,88.90457523
9/22/2013,88.2707265
9/23/2013,96.9325705
9/24/2013,97.16577789
9/25/2013,89.39768081
9/26/2013,104.0630862
9/27/2013,88.90283994
9/28/2013,87.27272381
9/29/2013,81.02171384
9/30/2013,88.88788718
10/1/2013,89.30792871
10/2/2013,96.01723023
10/3/2013,108.4441292
10/4/2013,79.49721285
10/5/2013,74.92541813
10/6/2013,100.6413661
10/7/2013,91.18507946
10/8/2013,91.50063849
10/9/2013,106.2282089
10/10/2013,90.45495648
10/11/2013,105.671098
10/12/2013,93.88901309
10/13/2013,85.64141521
10/14/2013,110.8317392
10/15/2013,92.76189059
10/16/2013,104.6407802
10/17/2013,98.52978284
10/18/2013,102.3528748
10/19/2013,101.8738181
10/20/2013,90.75688365
10/21/2013,88.54190767
10/22/2013,102.3229973
10/23/2013,94.35732552
10/24/2013,113.3567689
10/25/2013,94.1844182
10/26/2013,87.65106276
10/27/2013,93.20865699
10/28/2013,85.06079227
10/29/2013,92.17676682
10/30/2013,110.7264337
10/31/2013,93.3759024
11/1/2013,86.13523088
11/2/2013,96.3219127
11/3/2013,102.7082396
11/4/2013,103.1168104
11/5/2013,109.4810739
11/6/2013,96.66703907
11/7/2013,88.88973432
11/8/2013,108.1888479
11/9/2013,91.14900981
11/10/2013,92.95138893
11/11/2013,109.7594536
11/12/2013,107.7640901
11/13/2013,108.202462
11/14/2013,119.4501527
11/15/2013,92.92744379
11/16/2013,103.0816102
11/17/2013,97.37315236
11/18/2013,103.2717014
11/19/2013,117.5606346
11/20/2013,110.6657545
11/21/2013,108.5127714
11/22/2013,108.7599574
11/23/2013,94.87108851
11/24/2013,92.36216694
11/25/2013,94.94971806
11/26/2013,91.81314225
11/27/2013,125.289153
11/28/2013,97.64191562
11/29/2013,100.6952272
11/30/2013,97.88515756
12/1/2013,103.8670588
12/2/2013,112.188462
12/3/2013,116.8039652
12/4/2013,106.5722597
12/5/2013,107.5485783
12/6/2013,107.1638304
12/7/2013,100.5674077
12/8/2013,116.7425482
12/9/2013,112.0844098
12/10/2013,118.3106694
12/11/2013,119.0681745
12/12/2013,120.8177097
12/13/2013,108.9111935
12/14/2013,94.75691171
12/15/2013,109.6700508
12/16/2013,105.5479801
12/17/2013,110.8177247
12/18/2013,121.0831543
12/19/2013,123.974725
12/20/2013,110.2824728
12/21/2013,110.2615587
12/22/2013,122.7589498
12/23/2013,115.3622043
12/24/2013,138.5454296
12/25/2013,123.6088885
12/26/2013,102.6814881
12/27/2013,118.8440191
12/28/2013,113.5502981
12/29/2013,122.1738316
12/30/2013,121.5399433
12/31/2013,119.3456547
1/1/2014,112.1000793
1/2/2014,117.906625
1/3/2014,108.8251733
1/4/2014,108.6689864
1/5/2014,119.3759344
1/6/2014,132.3238432
1/7/2014,126.4186696
1/8/2014,115.0465369
1/9/2014,125.8512118
1/10/2014,127.9137023
1/11/2014,111.1412506
1/12/2014,116.2958297
1/13/2014,121.7763879
1/14/2014,119.6692987
1/15/2014,132.4792447
1/16/2014,123.9977188
1/17/2014,124.3586413
1/18/2014,111.5714324
1/19/2014,116.509591
1/20/2014,130.0679711
1/21/2014,125.5839216
1/22/2014,143.7141971
1/23/2014,124.3604065
1/24/2014,125.3780861
1/25/2014,128.6956891
1/26/2014,111.2106262
1/27/2014,112.7347868
1/28/2014,118.877061
1/29/2014,142.4976215
1/30/2014,125.6231862
1/31/2014,146.5082112
2/1/2014,119.1638097
2/2/2014,126.4569816
2/3/2014,141.5607247
2/4/2014,149.5125945
2/5/2014,151.2488591
2/6/2014,142.0426011
2/7/2014,136.5498781
2/8/2014,130.7093175
2/9/2014,133.4747382
2/10/2014,127.0570283
2/11/2014,129.1357508
2/12/2014,136.9215852
2/13/2014,133.1796504
2/14/2014,126.8701691
2/15/2014,133.6514384
2/16/2014,136.9736192
2/17/2014,134.2286661
2/18/2014,149.5275349
2/19/2014,129.8115709
2/20/2014,134.958409
2/21/2014,126.6975391
2/22/2014,115.0532584
2/23/2014,130.5435638
2/24/2014,134.3894219
2/25/2014,151.624592
2/26/2014,145.7685447
2/27/2014,130.0579939
2/28/2014,148.975077
3/1/2014,141.4300431
3/2/2014,137.503615
3/3/2014,135.1585639
3/4/2014,133.4133444
3/5/2014,139.2807202
3/6/2014,148.4618996
3/7/2014,150.6831984
3/8/2014,145.4353039
3/9/2014,130.3267029
3/10/2014,129.3669279
3/11/2014,143.5318388
3/12/2014,129.388915
3/13/2014,143.5771891
3/14/2014,135.6272329
3/15/2014,130.5239572
3/16/2014,122.6038656
3/17/2014,143.5175203
3/18/2014,139.1886279
3/19/2014,135.1829999
3/20/2014,118.9798701
3/21/2014,137.5140792
3/22/2014,149.3162517
3/23/2014,149.4972307
3/24/2014,136.5571378
3/25/2014,139.3971043
3/26/2014,149.0163409
3/27/2014,134.6538229
3/28/2014,140.7904911
3/29/2014,141.867762
3/30/2014,146.5823438
3/31/2014,139.9311653
4/1/2014,143.062611
4/2/2014,138.6781498
4/3/2014,136.4203563
4/4/2014,136.9174243
4/5/2014,138.9897402
4/6/2014,144.3458506
4/7/2014,134.5358755
4/8/2014,156.8210592
4/9/2014,143.679251
4/10/2014,142.9694208
4/11/2014,132.8153163
4/12/2014,116.6795184
4/13/2014,144.0911188
4/14/2014,146.7966981
4/15/2014,142.5287399
4/16/2014,146.2432692
4/17/2014,147.0864069
4/18/2014,126.0707554
4/19/2014,131.5788702
4/20/2014,143.0706351
4/21/2014,130.5254883
4/22/2014,146.7459711
4/23/2014,134.4333344
4/24/2014,146.2296957
4/25/2014,137.7863012
4/26/2014,122.3517385
4/27/2014,145.4573783
4/28/2014,134.0677266
4/29/2014,137.26213
4/30/2014,146.1994585
5/1/2014,150.958844
5/2/2014,129.1792312
5/3/2014,134.9638089
5/4/2014,138.731109
5/5/2014,144.6142969
5/6/2014,144.2449074
5/7/2014,140.7125044
5/8/2014,134.1678168
5/9/2014,136.9791063
5/10/2014,124.8431589
5/11/2014,110.8458305
5/12/2014,141.4445596
5/13/2014,148.9144799
5/14/2014,123.5623258
5/15/2014,131.4956277
5/16/2014,139.9964547
5/17/2014,148.6022942
5/18/2014,133.0743102
5/19/2014,130.7891325
5/20/2014,138.8511438
5/21/2014,152.0668497
5/22/2014,132.97906
5/23/2014,127.1947485
5/24/2014,126.797735
5/25/2014,123.7715067
5/26/2014,136.058057
5/27/2014,151.7491941
5/28/2014,142.0643931
5/29/2014,134.5149001
5/30/2014,129.616355
5/31/2014,116.4929023
6/1/2014,136.7785305
6/2/2014,132.7468777
6/3/2014,135.5787717
6/4/2014,163.2740342
6/5/2014,137.1523486
6/6/2014,124.1449153
6/7/2014,123.7763926
6/8/2014,137.0710989
6/9/2014,132.4273122
6/10/2014,123.6502949
6/11/2014,143.1998937
6/12/2014,127.5176939
6/13/2014,143.2304363
6/14/2014,133.8973988
6/15/2014,122.3603352
6/16/2014,139.8109431
6/17/2014,133.7279864
6/18/2014,140.6845133
6/19/2014,134.7452905
6/20/2014,119.466787
6/21/2014,118.0918947
6/22/2014,132.1522603
6/23/2014,124.8493513
6/24/2014,127.9124716
6/25/2014,124.1703347
6/26/2014,132.1983879
6/27/2014,140.6738864
6/28/2014,112.6306615
6/29/2014,122.0322525
6/30/2014,136.7472414
7/1/2014,128.4231605
7/2/2014,133.3463418
7/3/2014,118.2246302
7/4/2014,125.5131696
7/5/2014,117.5863514
7/6/2014,127.6371846
7/7/2014,132.8623924
7/8/2014,147.6923189
7/9/2014,132.2823534
7/10/2014,127.2511827
7/11/2014,121.5666438
7/12/2014,114.1875632
7/13/2014,120.3938421
7/14/2014,118.9406639
7/15/2014,126.2707172
7/16/2014,136.1406383
7/17/2014,114.5550918
7/18/2014,127.1019657
7/19/2014,125.5306243
7/20/2014,114.7323679
7/21/2014,102.3308042
7/22/2014,118.0737311
7/23/2014,134.0012838
7/24/2014,120.4628279
7/25/2014,108.040405
7/26/2014,109.0216068
7/27/2014,120.4828621
7/28/2014,121.7760437
7/29/2014,119.1375856
7/30/2014,118.8203242
7/31/2014,115.658804
8/1/2014,106.8207858
8/2/2014,124.166841
8/3/2014,109.3827844
8/4/2014,125.3629326
8/5/2014,131.4637234
8/6/2014,128.0068368
8/7/2014,113.6272219
8/8/2014,115.7397098
8/9/2014,109.3831538
8/10/2014,103.0882856
8/11/2014,116.601341
8/12/2014,108.2665026
8/13/2014,127.9528007
8/14/2014,111.8202109
8/15/2014,112.6026111
8/16/2014,110.3535296
8/17/2014,106.7847473
8/18/2014,117.2662095
8/19/2014,112.4944086
8/20/2014,124.0456956
8/21/2014,103.4229001
8/22/2014,110.6880884
8/23/2014,122.3129901
8/24/2014,99.59875654
8/25/2014,105.9276737
8/26/2014,119.2138858
8/27/2014,117.3534145
8/28/2014,115.8701165
8/29/2014,112.4982098
8/30/2014,110.8207315
8/31/2014,115.4545558
9/1/2014,113.6382787
9/2/2014,112.2175913
9/3/2014,120.37769
9/4/2014,127.3801486
9/5/2014,106.6756936
9/6/2014,97.13515495
9/7/2014,114.6587457
9/8/2014,108.6588608
9/9/2014,96.06582704
9/10/2014,121.1136568
9/11/2014,107.2735934
9/12/2014,106.4258452
9/13/2014,107.0390703
9/14/2014,106.816683
9/15/2014,114.8271022
9/16/2014,109.5320961
9/17/2014,118.0473816
9/18/2014,109.127756
9/19/2014,112.7483633
9/20/2014,109.0339798
9/21/2014,97.57720765
9/22/2014,117.6477589
9/23/2014,108.5772276
9/24/2014,120.2966187
9/25/2014,114.0728492
9/26/2014,121.5146855
9/27/2014,102.3356671
9/28/2014,102.3196472
9/29/2014,108.8991973
9/30/2014,110.5754036
10/1/2014,120.408907
10/2/2014,98.42263223
10/3/2014,98.63970382
10/4/2014,95.88231701
10/5/2014,113.0593914
10/6/2014,123.1236072
10/7/2014,112.5907718
10/8/2014,113.125668
10/9/2014,112.4217071
10/10/2014,116.9136091
10/11/2014,97.59651357
10/12/2014,107.9955794
10/13/2014,117.9129842
10/14/2014,118.1487235
10/15/2014,116.7472843
10/16/2014,120.6647043
10/17/2014,86.82828571
10/18/2014,111.3142654
10/19/2014,101.7721444
10/20/2014,96.42248395
10/21/2014,119.2255681
10/22/2014,127.2555099
10/23/2014,112.6317787
10/24/2014,117.1913692
10/25/2014,119.94268
10/26/2014,118.7159722
10/27/2014,125.4176274
10/28/2014,122.3415192
10/29/2014,118.1761696
10/30/2014,102.2597143
10/31/2014,108.9812586
11/1/2014,101.7168644
11/2/2014,127.0192538
11/3/2014,112.3822165
11/4/2014,118.917519
11/5/2014,123.5475969
11/6/2014,117.0225377
11/7/2014,126.1433298
11/8/2014,105.1493021
11/9/2014,112.9103296
11/10/2014,109.584985
11/11/2014,109.140417
11/12/2014,116.0431187
11/13/2014,118.2113838
11/14/2014,111.014418
11/15/2014,106.4885402
11/16/2014,102.0313709
11/17/2014,116.8188994
11/18/2014,109.6518969
11/19/2014,129.0363563
11/20/2014,121.2149049
11/21/2014,104.8646926
11/22/2014,111.6585444
11/23/2014,109.3964805
11/24/2014,122.195937
11/25/2014,134.5984918
11/26/2014,110.1656366
11/27/2014,123.7120229
11/28/2014,117.505222
11/29/2014,121.7882952
11/30/2014,119.4282584
12/1/2014,115.9587472
12/2/2014,123.6768295
12/3/2014,121.1749918
12/4/2014,133.7972547
12/5/2014,121.374747
12/6/2014,134.0650346
12/7/2014,119.6946716
12/8/2014,118.7832261
12/9/2014,116.6135917
12/10/2014,115.6295511
12/11/2014,115.0443552
12/12/2014,125.8856339
12/13/2014,125.4851396
12/14/2014,110.1050631
12/15/2014,134.1995504
12/16/2014,127.4610435
12/17/2014,133.8440237
12/18/2014,143.2423256
12/19/2014,133.5618768
12/20/2014,121.9163734
12/21/2014,118.2843782
12/22/2014,112.4934037
12/23/2014,128.249649
12/24/2014,133.6659441
12/25/2014,125.1396935
12/26/2014,128.0362363
12/27/2014,127.3844196
12/28/2014,126.3252046
12/29/2014,127.2224856
12/30/2014,138.0704265
12/31/2014,141.6118491
1/1/2015,127.1235909
1/2/2015,143.184972
1/3/2015,128.7929502
1/4/2015,131.0869924
1/5/2015,140.8997192
1/6/2015,141.3970328
1/7/2015,148.5094118
1/8/2015,140.8629131
1/9/2015,129.7135933
1/10/2015,135.184997
1/11/2015,124.4927256
1/12/2015,138.8031413
1/13/2015,141.9597391
1/14/2015,141.9065718
1/15/2015,140.2170195
1/16/2015,122.2292135
1/17/2015,130.5649008
1/18/2015,137.0371504
1/19/2015,141.8548052
1/20/2015,136.6342158
1/21/2015,156.3152709
1/22/2015,136.9214059
1/23/2015,147.6318555
1/24/2015,140.9504815
1/25/2015,133.6881653
1/26/2015,157.3267359
1/27/2015,137.8388593
1/28/2015,156.0585663
1/29/2015,154.3539256
1/30/2015,136.9917915
1/31/2015,151.1346577
2/1/2015,139.3004398
2/2/2015,147.8568169
2/3/2015,151.8731164
2/4/2015,150.0124028
2/5/2015,155.1956151
2/6/2015,151.0422829
2/7/2015,128.3214405
2/8/2015,154.0268452
2/9/2015,134.5146104
2/10/2015,160.2935803
2/11/2015,162.3180043
2/12/2015,142.1731678
2/13/2015,143.573315
2/14/2015,135.6026746
2/15/2015,143.9839919
2/16/2015,147.4335999
2/17/2015,160.3253919
2/18/2015,165.8127857
2/19/2015,164.0628727
2/20/2015,144.3290423
2/21/2015,144.710661
2/22/2015,134.1410672
2/23/2015,145.3247454
2/24/2015,163.6489117
2/25/2015,170.064678
2/26/2015,144.7995786
2/27/2015,145.8304763
2/28/2015,147.8834087
3/1/2015,151.5260842
3/2/2015,146.9367018
3/3/2015,160.9296217
3/4/2015,154.9211649
3/5/2015,156.0950747
3/6/2015,156.4408865
3/7/2015,149.6102045
3/8/2015,147.22129
3/9/2015,153.9273165
3/10/2015,158.1836604
3/11/2015,157.067682
3/12/2015,155.4183798
3/13/2015,166.0997266
3/14/2015,155.2477276
3/15/2015,149.5114281
3/16/2015,161.503822
3/17/2015,157.3048602
3/18/2015,170.4582531
3/19/2015,161.4517905
3/20/2015,153.4182525
3/21/2015,155.2682522
3/22/2015,140.1942511
3/23/2015,147.7597139
3/24/2015,151.2292044
3/25/2015,162.9813669
3/26/2015,173.0785852
3/27/2015,172.8100095
3/28/2015,157.4328831
3/29/2015,157.368897
3/30/2015,142.9251128
3/31/2015,156.9577042
4/1/2015,156.0127523
4/2/2015,154.6875481
4/3/2015,154.0089504
4/4/2015,148.9048492
4/5/2015,137.8394391
4/6/2015,163.5871523
4/7/2015,152.9460596
4/8/2015,164.416547
4/9/2015,176.3932195
4/10/2015,148.1039843
4/11/2015,132.5030279
4/12/2015,151.4084281
4/13/2015,166.3931294
4/14/2015,177.1354233
4/15/2015,152.565985
4/16/2015,163.6332557
4/17/2015,151.5551114
4/18/2015,151.6758538
4/19/2015,174.5890598
4/20/2015,145.2594517
4/21/2015,163.1564177
4/22/2015,165.7620745
4/23/2015,167.9245979
4/24/2015,155.600823
4/25/2015,154.4881558
4/26/2015,149.7626259
4/27/2015,158.8591756
4/28/2015,157.7656177
4/29/2015,166.339746
4/30/2015,155.5903406
5/1/2015,157.1052502
5/2/2015,151.0240216
5/3/2015,161.1017935
5/4/2015,155.4561238
5/5/2015,145.4518889
5/6/2015,170.5517684
5/7/2015,150.3551871
5/8/2015,147.8771097
5/9/2015,145.4769833
5/10/2015,162.0387971
5/11/2015,137.6979373
5/12/2015,183.6207661
5/13/2015,167.754477
5/14/2015,158.204015
5/15/2015,151.4530231
5/16/2015,151.2799716
5/17/2015,153.9343312
5/18/2015,158.6363819
5/19/2015,161.6246884
5/20/2015,158.6539822
5/21/2015,153.4414493
5/22/2015,149.255289
5/23/2015,145.9813367
5/24/2015,157.3528654
5/25/2015,156.713286
5/26/2015,132.120282
5/27/2015,161.621994
5/28/2015,154.9899669
5/29/2015,148.7027599
5/30/2015,142.7950159
5/31/2015,155.614352
6/1/2015,157.8605606
6/2/2015,147.7532506
6/3/2015,157.9020507
6/4/2015,143.9082381
6/5/2015,136.0440819
6/6/2015,139.0978243
6/7/2015,151.7094225
6/8/2015,156.0752303
6/9/2015,156.1925289
6/10/2015,158.5803065
6/11/2015,153.9278069
6/12/2015,140.0496956
6/13/2015,145.6517528
6/14/2015,149.2833119
6/15/2015,152.5399377
6/16/2015,159.6408158
6/17/2015,156.4745945
6/18/2015,150.6262279
6/19/2015,151.7473317
6/20/2015,139.9777885
6/21/2015,133.8083175
6/22/2015,143.1747347
6/23/2015,142.1350295
6/24/2015,143.3632545
6/25/2015,144.6074844
6/26/2015,134.7889378
6/27/2015,135.6623131
6/28/2015,123.6450289
6/29/2015,144.1115431
6/30/2015,146.0258174
7/1/2015,140.146604
7/2/2015,148.9536512
7/3/2015,146.5430414
7/4/2015,123.1785523
7/5/2015,130.6047287
7/6/2015,134.1649025
7/7/2015,136.4107758
7/8/2015,151.2346299
7/9/2015,140.0469973
7/10/2015,134.8473953
7/11/2015,117.9329889
7/12/2015,139.7192592
7/13/2015,128.3386009
7/14/2015,142.3500329
7/15/2015,144.7650663
7/16/2015,150.4374452
7/17/2015,124.455571
7/18/2015,107.7791583
7/19/2015,134.0875215
7/20/2015,150.6477022
7/21/2015,149.7839109
7/22/2015,142.2366037
7/23/2015,133.6445563
7/24/2015,139.421455
7/25/2015,122.1987717
7/26/2015,134.4936897
7/27/2015,138.3683599
7/28/2015,146.4505511
7/29/2015,160.7493441
7/30/2015,138.8465657
7/31/2015,127.039862
8/1/2015,127.9477911
8/2/2015,114.7142496
8/3/2015,126.9703398
8/4/2015,132.9181016
8/5/2015,132.7235092
8/6/2015,135.1915069
8/7/2015,122.8195268
8/8/2015,135.4304328
8/9/2015,127.2013966
8/10/2015,130.8101946
8/11/2015,131.9500057
8/12/2015,136.5633678
8/13/2015,139.00447
8/14/2015,120.9188094
8/15/2015,119.6807203
8/16/2015,123.2804398
8/17/2015,118.6557164
8/18/2015,126.5852928
8/19/2015,130.1068922
8/20/2015,138.0227491
8/21/2015,128.60993
8/22/2015,125.1780894
8/23/2015,131.2317632
8/24/2015,127.0691295
8/25/2015,135.0400489
8/26/2015,131.8998704
8/27/2015,131.9919775
8/28/2015,120.7217083
8/29/2015,103.0264938
8/30/2015,122.2917478
8/31/2015,138.5256388
9/1/2015,138.3361493
9/2/2015,139.4938538
9/3/2015,138.8384645
9/4/2015,125.2090557
9/5/2015,123.2676076
9/6/2015,117.6131956
9/7/2015,123.8402141
9/8/2015,135.1147759
9/9/2015,140.7012803
9/10/2015,127.1710315
9/11/2015,120.2734066
9/12/2015,121.1066535
9/13/2015,126.815903
9/14/2015,114.3085437
9/15/2015,111.3487367
9/16/2015,126.2347137
9/17/2015,118.1291542
9/18/2015,119.4577097
9/19/2015,119.6079552
9/20/2015,118.108074
9/21/2015,137.2471542
9/22/2015,132.1405567
9/23/2015,132.8917514
9/24/2015,132.7621319
9/25/2015,114.3425876
9/26/2015,129.0744287
9/27/2015,121.140302
9/28/2015,131.0447231
9/29/2015,121.046393
9/30/2015,118.1937931
10/1/2015,134.5048075
10/2/2015,126.6830952
10/3/2015,113.8050691
10/4/2015,115.0904571
10/5/2015,135.0271056
10/6/2015,120.4901017
10/7/2015,144.1907706
10/8/2015,121.2235943
10/9/2015,129.287127
10/10/2015,118.9419532
10/11/2015,127.4638595
10/12/2015,122.3024122
10/13/2015,129.3757565
10/14/2015,132.0903449
10/15/2015,121.1654501
10/16/2015,130.9016322
10/17/2015,118.3007539
10/18/2015,121.6854849
10/19/2015,119.6166516
10/20/2015,111.1355745
10/21/2015,131.2307466
10/22/2015,149.5194833
10/23/2015,132.326903
10/24/2015,123.3666082
10/25/2015,122.5643487
10/26/2015,128.9430804
10/27/2015,137.2415608
10/28/2015,124.5810181
10/29/2015,140.4395925
10/30/2015,133.1171932
10/31/2015,130.6475627
11/1/2015,129.5936644
11/2/2015,130.375342
11/3/2015,139.7388895
11/4/2015,140.289415
11/5/2015,130.2557065
11/6/2015,124.4036058
11/7/2015,127.3500903
11/8/2015,140.1456796
11/9/2015,122.00731
11/10/2015,124.3512443
11/11/2015,138.6417053
11/12/2015,135.2966915
11/13/2015,132.2131134
11/14/2015,130.3527798
11/15/2015,127.8653114
11/16/2015,145.7675148
11/17/2015,125.2432089
11/18/2015,132.6847051
11/19/2015,136.0821889
11/20/2015,119.7285782
11/21/2015,129.0705878
11/22/2015,145.0469998
11/23/2015,136.1475203
11/24/2015,142.0548448
11/25/2015,131.4165916
11/26/2015,134.1884435
11/27/2015,132.1089451
11/28/2015,130.196882
11/29/2015,144.2937464
11/30/2015,142.7509105
12/1/2015,133.6495349
12/2/2015,145.8243206
12/3/2015,145.481291
12/4/2015,146.6290918
12/5/2015,147.8008977
12/6/2015,128.357777
12/7/2015,134.2597947
12/8/2015,134.956554
12/9/2015,144.4741694
12/10/2015,147.7378539
12/11/2015,147.9348208
12/12/2015,137.0933309
12/13/2015,136.4795806
12/14/2015,144.5353493
12/15/2015,140.9247973
12/16/2015,165.6648631
12/17/2015,133.7607098
12/18/2015,144.141187
12/19/2015,156.5283304
12/20/2015,141.7420387
12/21/2015,144.4603004
12/22/2015,147.4150602
12/23/2015,150.1827635
12/24/2015,160.2900922
12/25/2015,127.6609363
12/26/2015,155.30608
12/27/2015,133.0009687
12/28/2015,146.5575304
12/29/2015,149.5552475
12/30/2015,159.0526367
12/31/2015,139.2436475
1/1/2016,151.8628667
1/2/2016,162.0443083
1/3/2016,136.2992847
1/4/2016,153.0205414
1/5/2016,150.504843
1/6/2016,160.5614228
1/7/2016,154.9898194
1/8/2016,145.7527264
1/9/2016,152.468389
1/10/2016,164.3507751
1/11/2016,152.6820015
1/12/2016,164.2594238
1/13/2016,149.5024168
1/14/2016,149.872334
1/15/2016,157.3432717
1/16/2016,163.1092524
1/17/2016,155.4226283
1/18/2016,154.3566236
1/19/2016,161.136982
1/20/2016,152.4753764
1/21/2016,164.9780492
1/22/2016,163.228171
1/23/2016,150.2117936
1/24/2016,151.3956109
1/25/2016,161.5517063
1/26/2016,160.1971875
1/27/2016,164.4819145
1/28/2016,179.4554256
1/29/2016,156.6917633
1/30/2016,153.4423504
1/31/2016,152.4376223
2/1/2016,167.8210443
2/2/2016,164.6641711
2/3/2016,162.2185788
2/4/2016,175.6096234
2/5/2016,172.3846748
2/6/2016,153.843303
2/7/2016,145.000398
2/8/2016,172.2189295
2/9/2016,162.9042043
2/10/2016,175.9812369
2/11/2016,151.4958511
2/12/2016,170.3603798
2/13/2016,151.1227722
2/14/2016,167.9174463
2/15/2016,166.3842414
2/16/2016,162.8330555
2/17/2016,168.4548385
2/18/2016,174.7731817
2/19/2016,166.0632597
2/20/2016,167.4540087
2/21/2016,179.8189821
2/22/2016,155.6613365
2/23/2016,185.2761032
2/24/2016,174.3879676
2/25/2016,163.9020614
2/26/2016,156.3505625
2/27/2016,163.0095456
2/28/2016,173.0908771
2/29/2016,168.8310986
3/1/2016,186.0694661
3/2/2016,163.5507492
3/3/2016,172.5674865
3/4/2016,158.5102471
3/5/2016,168.9319859
3/6/2016,174.2769468
3/7/2016,167.9129794
3/8/2016,154.5371808
3/9/2016,178.1051706
3/10/2016,177.473997
3/11/2016,173.0418082
3/12/2016,177.1491252
3/13/2016,159.8149639
3/14/2016,177.8836962
3/15/2016,186.0349435
3/16/2016,163.3697368
3/17/2016,177.582789
3/18/2016,166.7799162
3/19/2016,167.5768066
3/20/2016,172.09095
3/21/2016,169.4301285
3/22/2016,171.9348857
3/23/2016,178.6768452
3/24/2016,167.092173
3/25/2016,162.850566
3/26/2016,174.3469129
3/27/2016,160.7611434
3/28/2016,179.2593379
3/29/2016,181.6010017
3/30/2016,165.1156621
3/31/2016,170.8468235
4/1/2016,181.525906
4/2/2016,161.4570951
4/3/2016,166.5893611
4/4/2016,177.9370214
4/5/2016,184.437691
4/6/2016,177.1387141
4/7/2016,171.6748089
4/8/2016,183.4982189
4/9/2016,183.3225767
4/10/2016,178.1992139
4/11/2016,174.9457037
4/12/2016,171.6860232
4/13/2016,172.4481098
4/14/2016,180.534813
4/15/2016,175.3255495
4/16/2016,180.4427022
4/17/2016,175.3500627
4/18/2016,161.9763673
4/19/2016,186.2654919
4/20/2016,170.7650368
4/21/2016,172.9010773
4/22/2016,173.5586108
4/23/2016,184.734616
4/24/2016,194.5261213
4/25/2016,178.3162956
4/26/2016,175.8072838
4/27/2016,182.4102225
4/28/2016,182.4207327
4/29/2016,168.3005842
4/30/2016,182.4024563
5/1/2016,170.7217116
5/2/2016,176.6420329
5/3/2016,181.7613643
5/4/2016,180.6318629
5/5/2016,181.1202388
5/6/2016,164.9817219
5/7/2016,162.5931448
5/8/2016,159.0640612
5/9/2016,175.1259989
5/10/2016,181.5815197
5/11/2016,179.8039822
5/12/2016,186.6542804
5/13/2016,168.6920374
5/14/2016,171.1944268
5/15/2016,157.8849534
5/16/2016,167.2352508
5/17/2016,179.605656
5/18/2016,181.595691
5/19/2016,169.5379195
5/20/2016,166.7660645
5/21/2016,152.2748037
5/22/2016,162.3073907
5/23/2016,175.9724666
5/24/2016,177.133169
5/25/2016,177.2717383
5/26/2016,170.7252957
5/27/2016,165.8072845
5/28/2016,157.5221792
5/29/2016,169.1168123
5/30/2016,170.5559304
5/31/2016,174.7831963
6/1/2016,167.3510146
6/2/2016,151.3712075
6/3/2016,172.7774156
6/4/2016,157.202646
6/5/2016,154.8323774
6/6/2016,170.9248027
6/7/2016,165.8808255
6/8/2016,178.190358
6/9/2016,171.6679061
6/10/2016,167.585637
6/11/2016,148.2062211
6/12/2016,169.5149458
6/13/2016,165.5367366
6/14/2016,164.1180866
6/15/2016,168.899638
6/16/2016,150.5506003
6/17/2016,163.4025666
6/18/2016,148.9034761
6/19/2016,146.9916177
6/20/2016,149.2511379
6/21/2016,173.9474741
6/22/2016,160.6831649
6/23/2016,174.9868208
6/24/2016,153.7959239
6/25/2016,141.4217519
6/26/2016,146.8168313
6/27/2016,169.2471358
6/28/2016,161.7247047
6/29/2016,159.2528966
6/30/2016,161.9157772
7/1/2016,160.0126496
7/2/2016,161.9339892
7/3/2016,165.2500464
7/4/2016,154.3950744
7/5/2016,150.2763564
7/6/2016,158.2453007
7/7/2016,160.6333936
7/8/2016,146.2062369
7/9/2016,143.2586251
7/10/2016,154.3372123
7/11/2016,154.8133928
7/12/2016,159.0817407
7/13/2016,153.4256306
7/14/2016,154.6551634
7/15/2016,144.4770131
7/16/2016,156.0000398
7/17/2016,157.8402716
7/18/2016,138.4139189
7/19/2016,149.3742225
7/20/2016,145.5231274
7/21/2016,149.3114553
7/22/2016,149.2288439
7/23/2016,135.3196308
7/24/2016,140.2352842
7/25/2016,143.2178652
7/26/2016,156.5494339
7/27/2016,156.1466479
7/28/2016,146.8504817
7/29/2016,149.4405067
7/30/2016,140.6904487
7/31/2016,143.6021661
8/1/2016,162.8211703
8/2/2016,163.8184299
8/3/2016,143.4187326
8/4/2016,157.5063941
8/5/2016,152.7825423
8/6/2016,134.1650984
8/7/2016,150.63543
8/8/2016,160.069892
8/9/2016,142.4709353
8/10/2016,144.8561622
8/11/2016,157.4154525
8/12/2016,146.8943483
8/13/2016,146.2199797
8/14/2016,145.2933874
8/15/2016,149.4025121
8/16/2016,139.3776034
8/17/2016,159.1409188
8/18/2016,157.2256975
8/19/2016,141.5112115
8/20/2016,140.1139422
8/21/2016,129.0035315
8/22/2016,149.1053143
8/23/2016,153.31126
8/24/2016,149.0418234
8/25/2016,155.6727897
8/26/2016,139.5151627
8/27/2016,143.8529434
8/28/2016,132.0027378
8/29/2016,143.7442606
8/30/2016,146.3155163
8/31/2016,150.3519109
9/1/2016,142.7667769
9/2/2016,140.2163398
9/3/2016,145.0604907
9/4/2016,135.8179894
9/5/2016,130.2684906
9/6/2016,160.9321649
9/7/2016,158.8632608
9/8/2016,134.6844216
9/9/2016,146.122966
9/10/2016,133.8034409
9/11/2016,140.8333489
9/12/2016,144.9267387
9/13/2016,144.5508165
9/14/2016,141.0710804
9/15/2016,139.0669985
9/16/2016,132.8840202
9/17/2016,130.820572
9/18/2016,137.8757929
9/19/2016,136.574678
9/20/2016,151.6505271
9/21/2016,159.0475893
9/22/2016,139.799849
9/23/2016,142.0184126
9/24/2016,141.4030518
9/25/2016,142.160574
9/26/2016,142.9207551
9/27/2016,152.1890342
9/28/2016,151.1022638
9/29/2016,134.6748823
9/30/2016,147.2336406
10/1/2016,144.722464
10/2/2016,132.5382141
10/3/2016,142.9179611
10/4/2016,152.056956
10/5/2016,145.9539077
10/6/2016,153.5855297
10/7/2016,159.658242
10/8/2016,131.8444217
10/9/2016,128.1455656
10/10/2016,145.6356055
10/11/2016,152.9945209
10/12/2016,146.4541902
10/13/2016,157.3413952
10/14/2016,130.7928052
10/15/2016,144.4707048
10/16/2016,135.1825973
10/17/2016,157.8360042
10/18/2016,164.0782661
10/19/2016,143.1240125
10/20/2016,142.31483
10/21/2016,149.4139649
10/22/2016,136.9053419
10/23/2016,140.7804228
10/24/2016,145.4372794
10/25/2016,133.9726646
10/26/2016,150.3769273
10/27/2016,142.4620168
10/28/2016,139.8987382
10/29/2016,152.8955171
10/30/2016,132.4730431
10/31/2016,153.1581967
11/1/2016,148.553402
11/2/2016,149.7409397
11/3/2016,155.8301955
11/4/2016,148.1271444
11/5/2016,147.5096424
11/6/2016,151.9037386
11/7/2016,145.669748
11/8/2016,147.5889694
11/9/2016,145.0332636
11/10/2016,144.6726527
11/11/2016,170.8010471
11/12/2016,154.7361351
11/13/2016,135.2155807
11/14/2016,139.6379624
11/15/2016,158.2702324
11/16/2016,160.0515805
11/17/2016,157.6560703
11/18/2016,147.1872824
11/19/2016,145.822773
11/20/2016,150.7234806
11/21/2016,153.0090792
11/22/2016,138.7927221
11/23/2016,155.993862
11/24/2016,148.6389766
11/25/2016,152.839728
11/26/2016,172.9449066
11/27/2016,153.3014775
11/28/2016,152.0990552
11/29/2016,166.2304907
11/30/2016,164.025723
12/1/2016,161.1653567
12/2/2016,158.6690237
12/3/2016,167.9125664
12/4/2016,143.7324861
12/5/2016,160.8342838
12/6/2016,153.9023024
12/7/2016,167.0842995
12/8/2016,152.9491545
12/9/2016,152.9867542
12/10/2016,151.6277437
12/11/2016,163.1304942
12/12/2016,166.952693
12/13/2016,153.922243
12/14/2016,165.6684348
12/15/2016,157.2242329
12/16/2016,148.8726605
12/17/2016,154.8794444
12/18/2016,155.4946398
12/19/2016,181.6680685
12/20/2016,170.0109879
12/21/2016,156.8767049
12/22/2016,161.0600233
12/23/2016,169.7970726
12/24/2016,176.0156922
12/25/2016,147.9737653
12/26/2016,149.9199275
12/27/2016,184.2251671
12/28/2016,173.7291377
12/29/2016,161.350187
12/30/2016,168.6243769
12/31/2016,140.9458196
1/1/2017,163.1559271
1/2/2017,170.0502166
1/3/2017,179.120329
1/4/2017,164.9695403
1/5/2017,171.4496354
1/6/2017,159.4100463
1/7/2017,166.5388253
1/8/2017,158.6852887
1/9/2017,166.8784199
1/10/2017,166.4709582
1/11/2017,180.9961377
1/12/2017,180.3324069
1/13/2017,167.6307539
1/14/2017,167.488847
1/15/2017,156.9387278
1/16/2017,170.4167269
1/17/2017,176.6975757
1/18/2017,199.4052485
1/19/2017,167.2103522
1/20/2017,183.8511743
1/21/2017,177.7759149
1/22/2017,173.3780354
1/23/2017,189.475296
1/24/2017,182.654283
1/25/2017,184.1157699
1/26/2017,178.2294178
1/27/2017,184.4586445
1/28/2017,181.0885232
1/29/2017,168.6259882
1/30/2017,167.3329099
1/31/2017,180.5156028
2/1/2017,177.0450159
2/2/2017,180.5692056
2/3/2017,186.9721863
2/4/2017,171.039896
2/5/2017,175.6487013
2/6/2017,180.6886893
2/7/2017,191.2416559
2/8/2017,167.7615212
2/9/2017,178.4910782
2/10/2017,181.0056197
2/11/2017,186.5164314
2/12/2017,174.2478191
2/13/2017,167.3775419
2/14/2017,191.550516
2/15/2017,182.7649736
2/16/2017,175.9106752
2/17/2017,176.375484
2/18/2017,177.4655493
2/19/2017,175.3415843
2/20/2017,166.7119923
2/21/2017,195.7054781
2/22/2017,199.9520856
2/23/2017,192.5140161
2/24/2017,174.1107528
2/25/2017,179.1395196
2/26/2017,181.9043386
2/27/2017,190.8906798
2/28/2017,195.5858913
3/1/2017,185.5559171
3/2/2017,189.5996287
3/3/2017,188.477516
3/4/2017,193.9698947
3/5/2017,189.1288846
3/6/2017,193.9132003
3/7/2017,192.3739519
3/8/2017,204.1405628
3/9/2017,193.6124316
3/10/2017,179.2840003
3/11/2017,194.8661664
3/12/2017,190.354114
3/13/2017,185.2963314
3/14/2017,189.0689408
3/15/2017,196.3923876
3/16/2017,195.1637994
3/17/2017,188.8358937
3/18/2017,187.1751618
3/19/2017,199.3764515
3/20/2017,198.3791491
3/21/2017,195.3561141
3/22/2017,202.4362575
3/23/2017,184.0437967
3/24/2017,191.2461604
3/25/2017,199.9237094
3/26/2017,184.7562375
3/27/2017,183.7086711
3/28/2017,189.2562757
3/29/2017,186.7895895
3/30/2017,186.5856137
3/31/2017,185.6171693
4/1/2017,174.6819227
4/2/2017,187.061415
4/3/2017,198.1024527
4/4/2017,187.5640369
4/5/2017,207.9726215
4/6/2017,197.2203412
4/7/2017,197.054788
4/8/2017,180.8513321
4/9/2017,193.9188995
4/10/2017,182.2537241
4/11/2017,202.0118207
4/12/2017,197.2156892
4/13/2017,197.5415964
4/14/2017,179.3460263
4/15/2017,178.8532595
4/16/2017,191.7196271
4/17/2017,183.2209453
4/18/2017,198.3736035
4/19/2017,184.6417232
4/20/2017,199.5987423
4/21/2017,178.5484533
4/22/2017,190.050365
4/23/2017,191.5254942
4/24/2017,184.7729175
4/25/2017,198.8244765
4/26/2017,197.1238651
4/27/2017,187.9255595
4/28/2017,179.7248579
4/29/2017,169.2776019
4/30/2017,188.6265632
5/1/2017,177.1001591
5/2/2017,194.1653903
5/3/2017,192.1303184
5/4/2017,196.8305501
5/5/2017,184.5019241
5/6/2017,181.4322505
5/7/2017,190.7381506
5/8/2017,191.317839
5/9/2017,194.9160339
5/10/2017,196.9419456
5/11/2017,178.0288883
5/12/2017,191.8552268
5/13/2017,187.8172094
5/14/2017,175.5667781
5/15/2017,185.4696656
5/16/2017,190.8255932
5/17/2017,190.8338901
5/18/2017,191.6756712
5/19/2017,195.9129264
5/20/2017,190.202907
5/21/2017,171.8045426
5/22/2017,190.9721695
5/23/2017,200.316582
5/24/2017,193.5216853
5/25/2017,196.2228099
5/26/2017,199.0236941
5/27/2017,188.1759006
5/28/2017,182.7086856
5/29/2017,192.7432721
5/30/2017,189.2067788
5/31/2017,188.9571871
6/1/2017,182.9991693
6/2/2017,193.7257183
6/3/2017,171.7096396
6/4/2017,191.2225733
6/5/2017,186.6100745
6/6/2017,175.0616252
6/7/2017,189.8959817
6/8/2017,167.1801522
6/9/2017,184.3740492
6/10/2017,183.4728285
6/11/2017,172.3416724
6/12/2017,181.7000642
6/13/2017,199.9741445
6/14/2017,180.9785746
6/15/2017,173.5644807
6/16/2017,189.2649556
6/17/2017,190.1202977
6/18/2017,175.1263471
6/19/2017,186.8079684
6/20/2017,193.0662785
6/21/2017,177.0679534
6/22/2017,176.126958
6/23/2017,185.2233862
6/24/2017,185.8562314
6/25/2017,177.5488201
6/26/2017,169.6199166
6/27/2017,196.1670068
6/28/2017,176.6906916
6/29/2017,175.2542255
6/30/2017,176.0370158
7/1/2017,182.7280329
7/2/2017,177.7936331
7/3/2017,177.8915386
7/4/2017,181.889852
7/5/2017,179.1991568
7/6/2017,180.3132917
7/7/2017,150.9756595
7/8/2017,165.837408
7/9/2017,170.8103214
7/10/2017,163.2855356
7/11/2017,179.1989869
7/12/2017,175.1446577
7/13/2017,187.8266079
7/14/2017,181.7368691
7/15/2017,162.4310427
7/16/2017,165.6276142
7/17/2017,169.8646879
7/18/2017,170.4664923
7/19/2017,176.3214376
7/20/2017,165.7074905
7/21/2017,158.1095569
7/22/2017,169.1524546
7/23/2017,169.896022
7/24/2017,162.0600824
7/25/2017,179.2944973
7/26/2017,167.7747183
7/27/2017,171.8800548
7/28/2017,171.8137634
7/29/2017,162.0145997
7/30/2017,166.6273047
7/31/2017,162.5102681
8/1/2017,168.7251655
8/2/2017,169.364494
8/3/2017,162.0855524
8/4/2017,162.0603073
8/5/2017,148.1387065
8/6/2017,157.3255775
8/7/2017,162.6500166
8/8/2017,166.557262
8/9/2017,167.412273
8/10/2017,165.9206178
8/11/2017,165.690835
8/12/2017,165.9294154
8/13/2017,154.4877016
8/14/2017,153.7603785
8/15/2017,158.7538095
8/16/2017,163.9571373
8/17/2017,162.1374475
8/18/2017,154.2615267
8/19/2017,147.1591624
8/20/2017,154.6608085
8/21/2017,163.4909866
8/22/2017,170.5341184
8/23/2017,162.1097077
8/24/2017,160.3942555
8/25/2017,151.7848832
8/26/2017,156.0855676
8/27/2017,150.3637891
8/28/2017,165.4989344
8/29/2017,150.3946117
8/30/2017,162.6334563
8/31/2017,165.0826467
9/1/2017,159.6792417
9/2/2017,176.9263797
9/3/2017,159.0299584
9/4/2017,151.9974925
9/5/2017,163.0698805
9/6/2017,150.4889527
9/7/2017,161.2541333
9/8/2017,150.8062978
9/9/2017,162.0047635
9/10/2017,151.172419
9/11/2017,158.4709277
9/12/2017,158.1624797
9/13/2017,178.0615724
9/14/2017,158.8195744
9/15/2017,171.6607802
9/16/2017,160.7636591
9/17/2017,159.0335269
9/18/2017,162.0028307
9/19/2017,166.0850887
9/20/2017,148.4571932
9/21/2017,158.9264811
9/22/2017,163.5700019
9/23/2017,153.7082156
9/24/2017,143.8250954
9/25/2017,158.5641513
9/26/2017,176.5388911
9/27/2017,173.8660626
9/28/2017,160.7149804
9/29/2017,164.5149845
9/30/2017,151.3032436
10/1/2017,141.612857
10/2/2017,151.8062253
10/3/2017,175.6691043
10/4/2017,162.0003297
10/5/2017,159.6066898
10/6/2017,154.8888307
10/7/2017,169.8939161
10/8/2017,168.718371
10/9/2017,177.4603678
10/10/2017,162.4430519
10/11/2017,167.1478685
10/12/2017,150.0523181
10/13/2017,169.7757147
10/14/2017,146.0321916
10/15/2017,158.1992937
10/16/2017,151.7267515
10/17/2017,159.8400404
10/18/2017,158.9606974
10/19/2017,158.2385788
10/20/2017,154.6034016
10/21/2017,151.9842548
10/22/2017,164.1673707
10/23/2017,152.7413007
10/24/2017,167.4295352
10/25/2017,176.5556611
10/26/2017,160.1879166
10/27/2017,154.4033962
10/28/2017,155.7947601
10/29/2017,168.2449601
10/30/2017,164.477138
10/31/2017,162.7968751
11/1/2017,172.1013843
11/2/2017,156.9302058
11/3/2017,167.0890152
11/4/2017,162.4351969
11/5/2017,157.9077039
11/6/2017,157.8138679
11/7/2017,161.5863051
11/8/2017,174.1765697
11/9/2017,177.2821449
11/10/2017,158.2751239
11/11/2017,164.6021486
11/12/2017,145.4755132
11/13/2017,161.6795725
11/14/2017,170.2971953
11/15/2017,164.5179746
11/16/2017,161.8866906
11/17/2017,159.9903437
11/18/2017,165.2616595
11/19/2017,162.6917343
11/20/2017,150.4983731
11/21/2017,155.6563343
11/22/2017,169.0448296
11/23/2017,175.1720554
11/24/2017,145.5113383
11/25/2017,161.1115047
11/26/2017,162.1914914
11/27/2017,181.7473527
11/28/2017,171.8029409
11/29/2017,179.2490205
11/30/2017,174.9495734
12/1/2017,152.7788062
12/2/2017,173.6093766
12/3/2017,170.5008286
12/4/2017,177.1041829
12/5/2017,208.7109864
12/6/2017,161.9501396
12/7/2017,190.0743623
12/8/2017,169.9997362
12/9/2017,172.2563959
12/10/2017,170.9250284
12/11/2017,172.1723882
12/12/2017,175.2867882
12/13/2017,183.8189432
12/14/2017,166.7140301
12/15/2017,180.8927133
12/16/2017,169.2304346
12/17/2017,164.8635827
12/18/2017,174.5932938
12/19/2017,192.541187
12/20/2017,179.5494718
12/21/2017,184.3783759
12/22/2017,171.7091128
12/23/2017,181.3007082
12/24/2017,182.0735058
12/25/2017,195.6748365
12/26/2017,183.7786114
12/27/2017,191.8863769
12/28/2017,185.0054237
12/29/2017,190.6383166
12/30/2017,172.2049879
12/31/2017,185.2708243
1/1/2018,182.1380413
1/2/2018,187.4808385
1/3/2018,190.0832091
1/4/2018,189.0509495
1/5/2018,182.1530076
1/6/2018,182.4834671
1/7/2018,194.7437211
1/8/2018,194.2983534
1/9/2018,197.66316
1/10/2018,188.4161866
1/11/2018,182.6254395
1/12/2018,193.4259043
1/13/2018,190.4684112
1/14/2018,196.5873299
1/15/2018,184.2623107
1/16/2018,191.5444475
1/17/2018,181.6063607
1/18/2018,189.2514533
1/19/2018,196.3973543
1/20/2018,182.3581117
1/21/2018,192.5479044
1/22/2018,190.175616
1/23/2018,198.5654851
1/24/2018,188.1189295
1/25/2018,195.6364903
1/26/2018,167.0439971
1/27/2018,187.1272426
1/28/2018,176.8960048
1/29/2018,203.8460593
1/30/2018,204.672843
1/31/2018,203.4958372
2/1/2018,209.5656927
2/2/2018,185.8047718
2/3/2018,205.0039051
2/4/2018,199.7788631
2/5/2018,194.6655427
2/6/2018,209.8761653
2/7/2018,193.2268821
2/8/2018,193.0928409
2/9/2018,190.7946646
2/10/2018,189.0358469
2/11/2018,186.08636
2/12/2018,208.5343999
2/13/2018,200.885825
2/14/2018,207.0358856
2/15/2018,197.2373802
2/16/2018,183.1818839
2/17/2018,197.4830244
2/18/2018,181.2667337
2/19/2018,200.1971659
2/20/2018,193.9766971
2/21/2018,222.050178
2/22/2018,210.9963055
2/23/2018,200.4665724
2/24/2018,207.2742099
2/25/2018,191.6039455
2/26/2018,206.8710408
2/27/2018,208.2655048
2/28/2018,209.9743494
3/1/2018,215.5604539
3/2/2018,207.122303
3/3/2018,201.0813805
3/4/2018,186.707238
3/5/2018,196.3791586
3/6/2018,207.185772
3/7/2018,210.0733393
3/8/2018,197.7675783
3/9/2018,221.9464445
3/10/2018,212.2561744
3/11/2018,206.0791746
3/12/2018,205.9138793
3/13/2018,207.7097084
3/14/2018,202.9125583
3/15/2018,208.5919457
3/16/2018,205.8390433
3/17/2018,191.2757894
3/18/2018,204.9811252
3/19/2018,205.1014167
3/20/2018,195.1110401
3/21/2018,204.5709707
3/22/2018,205.549247
3/23/2018,219.7241911
3/24/2018,206.4674874
3/25/2018,192.3884274
3/26/2018,210.9555917
3/27/2018,198.6780073
3/28/2018,220.7575367
3/29/2018,205.6899749
3/30/2018,204.4333213
3/31/2018,213.1399256
4/1/2018,193.2521717
4/2/2018,196.3262195
4/3/2018,206.7821373
4/4/2018,220.7561385
4/5/2018,197.6158999
4/6/2018,182.7954616
4/7/2018,199.1531908
4/8/2018,208.1509564
4/9/2018,217.2514883
4/10/2018,207.8506011
4/11/2018,209.2214492
4/12/2018,219.0244987
4/13/2018,190.4763549
4/14/2018,199.5949353
4/15/2018,205.1602308
4/16/2018,211.1022478
4/17/2018,207.2959724
4/18/2018,212.5665027
4/19/2018,189.6245252
4/20/2018,199.8660631
4/21/2018,205.989028
4/22/2018,195.3966347
4/23/2018,207.5590172
4/24/2018,214.4887687
4/25/2018,209.0508918
4/26/2018,210.3563555
4/27/2018,196.8531357
4/28/2018,200.0927235
4/29/2018,207.4833581
4/30/2018,207.6518432
5/1/2018,205.4930278
5/2/2018,212.8193893
5/3/2018,213.9071008
5/4/2018,187.3165795
5/5/2018,210.143199
5/6/2018,199.0008163
5/7/2018,208.8538011
5/8/2018,218.7820468
5/9/2018,199.036418
5/10/2018,201.4645953
5/11/2018,200.3237776
5/12/2018,193.4832075
5/13/2018,214.419973
5/14/2018,197.412763
5/15/2018,203.5446319
5/16/2018,210.3981852
5/17/2018,196.2449865
5/18/2018,198.1580477
5/19/2018,200.9539366
5/20/2018,196.5089114
5/21/2018,202.121898
5/22/2018,202.3276493
5/23/2018,195.1923744
5/24/2018,206.9522812
5/25/2018,213.8531329
5/26/2018,197.025062
5/27/2018,199.4113586
5/28/2018,206.8226955
5/29/2018,194.794617
5/30/2018,219.2908148
5/31/2018,204.3369115
6/1/2018,211.1840402
6/2/2018,189.3064658
6/3/2018,210.4245857
6/4/2018,205.7315721
6/5/2018,207.6021789
6/6/2018,205.7512917
6/7/2018,198.9188767
6/8/2018,205.9033193
6/9/2018,194.4451824
6/10/2018,178.2774404
6/11/2018,188.709725
6/12/2018,199.7916133
6/13/2018,204.4438983
6/14/2018,198.5241587
6/15/2018,204.1062095
6/16/2018,175.7551518
6/17/2018,193.1913251
6/18/2018,181.1196446
6/19/2018,205.3606591
6/20/2018,199.2018228
6/21/2018,200.3170254
6/22/2018,185.4170429
6/23/2018,199.564428
6/24/2018,198.3329359
6/25/2018,198.2808243
6/26/2018,196.1889902
6/27/2018,202.5323976
6/28/2018,189.2356366
6/29/2018,197.0984749
6/30/2018,200.4464786
7/1/2018,196.4826554
7/2/2018,185.6917022
7/3/2018,198.0306497
7/4/2018,185.4614328
7/5/2018,197.3824803
7/6/2018,191.7717047
7/7/2018,170.2059278
7/8/2018,176.5390183
7/9/2018,187.1813314
7/10/2018,190.653467
7/11/2018,184.0556063
7/12/2018,193.8445757
7/13/2018,188.1132931
7/14/2018,181.5508766
7/15/2018,177.7341766
7/16/2018,195.7906696
7/17/2018,204.266222
7/18/2018,187.8342977
7/19/2018,183.8162208
7/20/2018,188.0221102
7/21/2018,178.2425629
7/22/2018,180.6786086
7/23/2018,191.3437072
7/24/2018,173.7864565
7/25/2018,200.3010938
7/26/2018,187.3611027
7/27/2018,178.8814896
7/28/2018,178.4894564
7/29/2018,179.6059565
7/30/2018,169.7064636
7/31/2018,199.1679078
8/1/2018,188.2505246
8/2/2018,188.5077049
8/3/2018,187.9892792
8/4/2018,169.2575193
8/5/2018,181.9384495
8/6/2018,179.6803754
8/7/2018,192.2698834
8/8/2018,169.2119021
8/9/2018,182.5038166
8/10/2018,173.910868
8/11/2018,179.2657249
8/12/2018,180.3166537
8/13/2018,174.5915129
8/14/2018,178.2552911
8/15/2018,183.8278633
8/16/2018,174.6339412
8/17/2018,184.0073894
8/18/2018,171.420156
8/19/2018,151.8952113
8/20/2018,175.8778953
8/21/2018,174.2979198
8/22/2018,170.3466976
8/23/2018,170.6219974
8/24/2018,176.8922077
8/25/2018,183.7799146
8/26/2018,176.4655781
8/27/2018,172.8658877
8/28/2018,185.1278421
8/29/2018,178.6318426
8/30/2018,173.9060091
8/31/2018,165.7575885
9/1/2018,158.1462535
9/2/2018,169.8857421
9/3/2018,178.0626828
9/4/2018,179.8236366
9/5/2018,178.1288805
9/6/2018,171.0852732
9/7/2018,179.0836026
9/8/2018,160.8860092
9/9/2018,178.512886
9/10/2018,168.1177017
9/11/2018,173.9522697
9/12/2018,169.1356823
9/13/2018,174.0918628
9/14/2018,181.5107181
9/15/2018,175.0776669
9/16/2018,179.7008433
9/17/2018,179.9208301
9/18/2018,170.7903036
9/19/2018,177.911418
9/20/2018,171.5892992
9/21/2018,184.1208493
9/22/2018,161.1867473
9/23/2018,178.8719959
9/24/2018,182.7769418
9/25/2018,194.1870451
9/26/2018,177.2515757
9/27/2018,183.5418245
9/28/2018,191.782929
9/29/2018,165.9145753
9/30/2018,159.5779991
10/1/2018,160.7704461
10/2/2018,185.4703461
10/3/2018,165.7238139
10/4/2018,175.1660403
10/5/2018,177.370969
10/6/2018,172.721259
10/7/2018,175.6874037
10/8/2018,178.0557152
10/9/2018,190.5077491
10/10/2018,173.719904
10/11/2018,173.3192299
10/12/2018,168.3228848
10/13/2018,178.5540922
10/14/2018,180.2006381
10/15/2018,180.6415884
10/16/2018,190.5398177
10/17/2018,172.7496695
10/18/2018,192.9489081
10/19/2018,187.6061917
10/20/2018,178.7536776
10/21/2018,188.2478178
10/22/2018,164.8144104
10/23/2018,177.9513146
10/24/2018,177.4057975
10/25/2018,186.5361409
10/26/2018,168.2110634
10/27/2018,180.1590269
10/28/2018,186.2262677
10/29/2018,184.9354782
10/30/2018,185.7609818
10/31/2018,176.7666241
11/1/2018,175.4078817
11/2/2018,188.0641961
11/3/2018,181.8252496
11/4/2018,176.4772036
11/5/2018,177.593592
11/6/2018,168.882788
11/7/2018,177.7359545
11/8/2018,199.1417021
11/9/2018,169.5253581
11/10/2018,178.8417428
11/11/2018,186.6176282
11/12/2018,172.6990446
11/13/2018,188.4008948
11/14/2018,195.6720125
11/15/2018,185.8477549
11/16/2018,204.6446679
11/17/2018,165.9361045
11/18/2018,189.0169674
11/19/2018,183.3746492
11/20/2018,195.1462809
11/21/2018,193.7754142
11/22/2018,181.9868198
11/23/2018,185.6612357
11/24/2018,166.5804839
11/25/2018,187.5583475
11/26/2018,189.3534386
11/27/2018,196.3166284
11/28/2018,200.9710833
11/29/2018,193.0783857
11/30/2018,187.3229335
12/1/2018,176.7271097
12/2/2018,179.3889741
12/3/2018,198.8382302
12/4/2018,205.0954137
12/5/2018,193.0192227
12/6/2018,192.9433835
12/7/2018,181.3585759
12/8/2018,195.6336895
12/9/2018,192.9041207
12/10/2018,207.3855625
12/11/2018,189.106391
12/12/2018,194.4444099
12/13/2018,196.9867591
12/14/2018,196.3420378
12/15/2018,187.1150573
12/16/2018,183.1993225
12/17/2018,201.5220944
12/18/2018,204.5291763
12/19/2018,192.7768218
12/20/2018,208.6280133
12/21/2018,203.1910385
12/22/2018,192.5834534
12/23/2018,193.4971377
12/24/2018,201.5886027
12/25/2018,194.559038
12/26/2018,203.0463962
12/27/2018,183.2703885
12/28/2018,203.5512304
12/29/2018,181.731715
12/30/2018,207.606027
12/31/2018,197.2365177
1/1/2019,202.5689805
1/2/2019,200.595494
1/3/2019,200.9971966
1/4/2019,210.6999789
1/5/2019,177.1326891
1/6/2019,208.6045061
1/7/2019,205.3896611
1/8/2019,197.3252794
1/9/2019,199.7304455
1/10/2019,219.4239654
1/11/2019,194.494013
1/12/2019,190.5090141
1/13/2019,210.1815746
1/14/2019,208.0810842
1/15/2019,202.1574478
1/16/2019,212.736858
1/17/2019,200.468531
1/18/2019,213.5164952
1/19/2019,210.8680763
1/20/2019,207.9691458
1/21/2019,210.8840512
1/22/2019,226.3558425
1/23/2019,213.5935409
1/24/2019,201.797786
1/25/2019,210.8693079
1/26/2019,221.6137796
1/27/2019,198.1273573
1/28/2019,207.6147853
1/29/2019,218.0963682
1/30/2019,215.6453667
1/31/2019,205.856359
2/1/2019,218.6912075
2/2/2019,225.9087482
2/3/2019,210.2170726
2/4/2019,205.655481
2/5/2019,204.7329975
2/6/2019,220.4780333
2/7/2019,224.8605673
2/8/2019,215.8089981
2/9/2019,209.5964701
2/10/2019,206.1765167
2/11/2019,206.3682087
2/12/2019,225.9944426
2/13/2019,227.8898546
2/14/2019,205.802326
2/15/2019,226.8376048
2/16/2019,216.2915985
2/17/2019,224.1423441
2/18/2019,206.3944482
2/19/2019,210.3863417
2/20/2019,221.3544844
2/21/2019,224.1265638
2/22/2019,230.3949921
2/23/2019,219.2214918
2/24/2019,212.8461277
2/25/2019,210.7302163
2/26/2019,232.929907
2/27/2019,216.5723993
2/28/2019,234.8422556
3/1/2019,215.4252505
3/2/2019,227.9393411
3/3/2019,221.8260629
3/4/2019,219.4170703
3/5/2019,220.4710547
3/6/2019,223.0632018
3/7/2019,226.7052122
3/8/2019,219.7451619
3/9/2019,211.8548582
3/10/2019,216.422992
3/11/2019,222.457541
3/12/2019,208.8744084
3/13/2019,230.6957465
3/14/2019,216.6424545
3/15/2019,211.0641442
3/16/2019,204.2305865
3/17/2019,204.4817554
3/18/2019,212.0308305
3/19/2019,221.2380181
3/20/2019,243.6225951
3/21/2019,221.1993317
3/22/2019,222.598794
3/23/2019,221.7788593
3/24/2019,220.6866052
3/25/2019,223.019429
3/26/2019,218.0716479
3/27/2019,240.286881
3/28/2019,240.5058998
3/29/2019,208.3164045
3/30/2019,210.9425005
3/31/2019,217.9180911
4/1/2019,216.3998745
4/2/2019,232.1175861
4/3/2019,223.2477757
4/4/2019,243.7218747
4/5/2019,231.6137591
4/6/2019,221.105617
4/7/2019,228.6013732
4/8/2019,233.15093
4/9/2019,223.7045111
4/10/2019,222.6491754
4/11/2019,227.090325
4/12/2019,229.0050837
4/13/2019,220.49909
4/14/2019,207.710151
4/15/2019,217.7809407
4/16/2019,227.4834118
4/17/2019,228.3921226
4/18/2019,242.0236304
4/19/2019,210.7619423
4/20/2019,223.1290827
4/21/2019,231.8968845
4/22/2019,241.9932816
4/23/2019,224.4186607
4/24/2019,232.4682457
4/25/2019,230.3016866
4/26/2019,222.8752011
4/27/2019,217.716553
4/28/2019,222.8564383
4/29/2019,202.9103568
4/30/2019,232.419312
5/1/2019,228.8177226
5/2/2019,223.1981773
5/3/2019,236.8838219
5/4/2019,212.268956
5/5/2019,215.26902
5/6/2019,238.1899773
5/7/2019,219.3600879
5/8/2019,222.4261705
5/9/2019,222.7859226
5/10/2019,226.184701
5/11/2019,218.2469056
5/12/2019,207.0352543
5/13/2019,216.8498286
5/14/2019,219.974801
5/15/2019,224.9942591
5/16/2019,226.1221406
5/17/2019,221.5265306
5/18/2019,201.0677177
5/19/2019,224.5488598
5/20/2019,221.759042
5/21/2019,234.5119459
5/22/2019,227.7389142
5/23/2019,230.0710389
5/24/2019,220.4305999
5/25/2019,224.5357928
5/26/2019,218.6788754
5/27/2019,217.3926204
5/28/2019,240.0270879
5/29/2019,229.6845793
5/30/2019,224.2129712
5/31/2019,204.8265477
6/1/2019,201.7750425
6/2/2019,215.135475
6/3/2019,217.6109565
6/4/2019,215.1840443
6/5/2019,221.9287412
6/6/2019,230.5404298
6/7/2019,218.7890273
6/8/2019,201.1233164
6/9/2019,210.0532542
6/10/2019,208.1409628
6/11/2019,215.112314
6/12/2019,215.5924754
6/13/2019,212.0950602
6/14/2019,201.2544855
6/15/2019,207.2855241
6/16/2019,204.502127
6/17/2019,189.1737287
6/18/2019,232.6539513
6/19/2019,225.6161394
6/20/2019,210.8994051
6/21/2019,209.4293999
6/22/2019,196.9071902
6/23/2019,220.5175129
6/24/2019,225.7441448
6/25/2019,215.4327164
6/26/2019,223.0363947
6/27/2019,213.248152
6/28/2019,196.5156755
6/29/2019,200.9117611
6/30/2019,205.9290766
7/1/2019,204.8480858
7/2/2019,210.3459924
7/3/2019,212.0311361
7/4/2019,209.1118556
7/5/2019,205.5401276
7/6/2019,193.6343553
7/7/2019,197.0513507
7/8/2019,196.1233116
7/9/2019,217.8356636
7/10/2019,193.8381908
7/11/2019,216.9124629
7/12/2019,214.1422429
7/13/2019,197.6363779
7/14/2019,179.9029544
7/15/2019,201.4567208
7/16/2019,207.4542359
7/17/2019,200.5612007
7/18/2019,201.5333608
7/19/2019,213.2738196
7/20/2019,203.3641846
7/21/2019,191.3333064
7/22/2019,189.5796895
7/23/2019,203.3770401
7/24/2019,204.9766723
7/25/2019,207.6765871
7/26/2019,194.8158266
7/27/2019,200.2177497
7/28/2019,212.3075834
7/29/2019,206.9972265
7/30/2019,203.7380627
7/31/2019,203.3662196
8/1/2019,199.0188529
8/2/2019,206.727517
8/3/2019,189.3106918
8/4/2019,195.4116221
8/5/2019,199.1269542
8/6/2019,198.3739272
8/7/2019,192.1390143
8/8/2019,202.7658359
8/9/2019,195.1272411
8/10/2019,196.6876754
8/11/2019,189.1618402
8/12/2019,206.8895673
8/13/2019,193.8050265
8/14/2019,215.2720257
8/15/2019,184.6844125
8/16/2019,197.6039414
8/17/2019,195.0272837
8/18/2019,185.6323784
8/19/2019,199.1129652
8/20/2019,209.6793178
8/21/2019,182.494741
8/22/2019,201.3711809
8/23/2019,172.8939458
8/24/2019,182.2439399
8/25/2019,203.8071403
8/26/2019,189.8725427
8/27/2019,188.8935718
8/28/2019,197.5201281
8/29/2019,212.8001342
8/30/2019,177.1280559
8/31/2019,180.5343289
9/1/2019,201.7633588
9/2/2019,208.4334472
9/3/2019,196.5375018
9/4/2019,188.3072257
9/5/2019,212.1756823
9/6/2019,203.7254827
9/7/2019,193.6015274
9/8/2019,182.5468672
9/9/2019,192.4791246
9/10/2019,195.4192539
9/11/2019,200.2415835
9/12/2019,206.4302937
9/13/2019,197.4571181
9/14/2019,179.0415282
9/15/2019,199.5876352
9/16/2019,194.9452202
9/17/2019,201.8069128
9/18/2019,208.9750105
9/19/2019,185.6174081
9/20/2019,189.8629895
9/21/2019,183.176932
9/22/2019,175.8412025
9/23/2019,195.0627909
9/24/2019,216.2924599
9/25/2019,182.452483
9/26/2019,194.2231419
9/27/2019,195.2862926
9/28/2019,188.4666583
9/29/2019,187.5737057
9/30/2019,182.0312869
10/1/2019,198.2395169
10/2/2019,191.3375595
10/3/2019,177.2219603
10/4/2019,200.0200323
10/5/2019,195.4918685
10/6/2019,189.2761639
10/7/2019,194.683139
10/8/2019,205.4386371
10/9/2019,199.6945612
10/10/2019,202.5228938
10/11/2019,188.6740352
10/12/2019,198.9523486
10/13/2019,192.1018649
10/14/2019,195.1165616
10/15/2019,187.4379938
10/16/2019,200.9905366
10/17/2019,189.4706754
10/18/2019,186.8235553
10/19/2019,182.8495961
10/20/2019,181.9618436
10/21/2019,211.5582944
10/22/2019,209.2848052
10/23/2019,215.1328611
10/24/2019,187.4573834
10/25/2019,193.6530381
10/26/2019,180.2164467
10/27/2019,186.1565281
10/28/2019,188.4836593
10/29/2019,209.8572238
10/30/2019,197.9441576
10/31/2019,207.1689639
11/1/2019,199.3343584
11/2/2019,210.4486733
11/3/2019,181.3779251
11/4/2019,207.4299224
11/5/2019,210.675092
11/6/2019,194.9252417
11/7/2019,208.3121589
11/8/2019,198.8582109
11/9/2019,191.901511
11/10/2019,188.3574417
11/11/2019,193.3718974
11/12/2019,219.7036194
11/13/2019,204.551695
11/14/2019,208.3780466
11/15/2019,191.7392672
11/16/2019,189.4109382
11/17/2019,205.5637984
11/18/2019,190.3172261
11/19/2019,202.0020496
11/20/2019,206.8661603
11/21/2019,205.0882561
11/22/2019,198.738025
11/23/2019,200.9481412
11/24/2019,204.6095629
11/25/2019,209.1761646
11/26/2019,199.6484371
11/27/2019,206.5571277
11/28/2019,216.016558
11/29/2019,209.6133063
11/30/2019,189.1076609
12/1/2019,204.210517
12/2/2019,189.8276349
12/3/2019,210.2865291
12/4/2019,226.4098879
12/5/2019,201.2932828
12/6/2019,198.219479
12/7/2019,208.6600476
12/8/2019,191.532244
12/9/2019,203.0854425
12/10/2019,217.1940488
12/11/2019,208.6817102
12/12/2019,209.5330315
12/13/2019,213.4073792
12/14/2019,208.4948085
12/15/2019,208.5979669
12/16/2019,208.0367296
12/17/2019,217.9980197
12/18/2019,215.3932533
12/19/2019,217.7217779
12/20/2019,206.1277165
12/21/2019,206.3212154
12/22/2019,201.2124405
12/23/2019,213.1469906
12/24/2019,211.2348303
12/25/2019,210.1633123
12/26/2019,218.8277519
12/27/2019,214.5100769
12/28/2019,216.7548935
12/29/2019,208.3976776
12/30/2019,219.4097878
12/31/2019,224.8505557
1/1/2020,225.4435282
1/2/2020,212.9644542
1/3/2020,216.8151174
1/4/2020,216.2171689
1/5/2020,214.7156075
1/6/2020,202.2636584
1/7/2020,224.5360869
1/8/2020,242.3047223
1/9/2020,219.4049489
1/10/2020,212.5069062
1/11/2020,218.9971749
1/12/2020,219.8578652
1/13/2020,231.1916363
1/14/2020,215.8764126
1/15/2020,233.1349158
1/16/2020,229.679553
1/17/2020,219.856082
1/18/2020,221.3717409
1/19/2020,228.2357899
1/20/2020,231.2583159
1/21/2020,219.4133049
1/22/2020,236.4506244
1/23/2020,227.0308598
1/24/2020,224.1544736
1/25/2020,221.8114109
1/26/2020,221.3464807
1/27/2020,236.3457899
1/28/2020,230.4034404
1/29/2020,223.4314522
1/30/2020,226.8806851
1/31/2020,227.4630473
2/1/2020,233.5023814
2/2/2020,229.7962013
2/3/2020,222.4104354
2/4/2020,253.3362433
2/5/2020,236.8659056
2/6/2020,242.5696698
2/7/2020,227.134535
2/8/2020,230.2268484
2/9/2020,233.9544702
2/10/2020,241.2029443
2/11/2020,244.1311609
2/12/2020,243.9170294
2/13/2020,232.0113062
2/14/2020,225.9128978
2/15/2020,230.7320715
2/16/2020,236.7870747
2/17/2020,231.730518
2/18/2020,246.2195426
2/19/2020,250.5568903
2/20/2020,229.1679899
2/21/2020,225.7276246
2/22/2020,228.8534235
2/23/2020,233.6567832
2/24/2020,231.1577385
2/25/2020,250.325488
2/26/2020,244.1054587
2/27/2020,238.5579375
2/28/2020,222.6459328
2/29/2020,221.1261196
3/1/2020,235.0857799
3/2/2020,219.9005442
3/3/2020,249.1808301
3/4/2020,240.9840163
3/5/2020,265.687527
3/6/2020,254.0607105
3/7/2020,231.6286357
3/8/2020,233.3776749
3/9/2020,246.2793921
3/10/2020,256.0210023
3/11/2020,230.4230701
3/12/2020,226.6917162
3/13/2020,231.8226477
3/14/2020,238.9050225
3/15/2020,239.3273514
3/16/2020,247.9577637
3/17/2020,233.8435269
3/18/2020,226.0040563
3/19/2020,248.8129539
3/20/2020,231.0995008
3/21/2020,218.9812086
3/22/2020,237.3585396
3/23/2020,246.5501859
3/24/2020,243.2292163
3/25/2020,241.5942323
3/26/2020,241.3568812
3/27/2020,235.4023664
3/28/2020,224.9456155
3/29/2020,231.0403052
3/30/2020,244.8935097
3/31/2020,247.2563019
4/1/2020,247.0373615
4/2/2020,235.0650839
4/3/2020,237.2681027
4/4/2020,218.6251684
4/5/2020,238.4558595
4/6/2020,252.3830414
4/7/2020,233.0773662
4/8/2020,241.151691
4/9/2020,245.764086
4/10/2020,248.8066234
4/11/2020,232.4785161
4/12/2020,231.4716256
4/13/2020,225.1414344
4/14/2020,245.597738
4/15/2020,262.0348244
4/16/2020,245.1686335
4/17/2020,238.383763
4/18/2020,238.3788227
4/19/2020,236.6186542
4/20/2020,234.0465613
4/21/2020,250.9746196
4/22/2020,247.0829536
4/23/2020,242.6300345
4/24/2020,230.2593774
4/25/2020,245.6917291
4/26/2020,241.447958
4/27/2020,235.5119651
4/28/2020,251.7496209
4/29/2020,240.6052108
4/30/2020,235.5045898
5/1/2020,231.2190534
5/2/2020,220.2926943
5/3/2020,239.0637886
5/4/2020,224.4111656
5/5/2020,232.9966969
5/6/2020,227.0348956
5/7/2020,240.0908536
5/8/2020,235.0782642
5/9/2020,230.7975738
5/10/2020,225.8668854
5/11/2020,228.5650837
5/12/2020,245.3888327
5/13/2020,238.0522424
5/14/2020,242.0952124
5/15/2020,227.9521037
5/16/2020,233.5817049
5/17/2020,243.3250574
5/18/2020,241.293355
5/19/2020,237.0058774
5/20/2020,243.1163027
5/21/2020,236.2123246
5/22/2020,233.6421986
5/23/2020,228.0456674
5/24/2020,230.0743265
5/25/2020,236.7643138
5/26/2020,230.7957694
5/27/2020,231.3436009
5/28/2020,225.4162603
5/29/2020,219.1395489
5/30/2020,219.2510398
5/31/2020,230.9802249
6/1/2020,226.2181477
6/2/2020,241.1223993
6/3/2020,237.9977562
6/4/2020,219.0051642
6/5/2020,235.3899209
6/6/2020,233.6645151
6/7/2020,219.9235045
6/8/2020,234.8735538
6/9/2020,228.2954054
6/10/2020,236.6182978
6/11/2020,222.7377319
6/12/2020,213.8900751
6/13/2020,222.1853493
6/14/2020,224.9399514
6/15/2020,226.3722472
6/16/2020,223.7037705
6/17/2020,230.654004
6/18/2020,233.0126585
6/19/2020,225.8693685
6/20/2020,224.6911741
6/21/2020,218.5425247
6/22/2020,236.8921699
6/23/2020,221.7231452
6/24/2020,235.7026703
6/25/2020,238.2555967
6/26/2020,228.0118243
6/27/2020,219.5416036
6/28/2020,217.602993
6/29/2020,233.7290507
6/30/2020,217.6673648
7/1/2020,221.9572459
7/2/2020,223.5341889
7/3/2020,231.9788155
7/4/2020,222.1125192
7/5/2020,211.9978511
7/6/2020,220.8717149
7/7/2020,222.0520972
7/8/2020,221.9578487
7/9/2020,232.4668012
7/10/2020,209.028497
7/11/2020,229.874013
7/12/2020,224.3026815
7/13/2020,230.0216411
7/14/2020,221.2103859
7/15/2020,224.3912048
7/16/2020,211.1330904
7/17/2020,213.7765105
7/18/2020,218.9338151
7/19/2020,226.0362931
7/20/2020,210.4392614
7/21/2020,220.0031321
7/22/2020,222.4058063
7/23/2020,209.4703313
7/24/2020,220.7564894
7/25/2020,207.2587561
7/26/2020,212.1856517
7/27/2020,213.7774527
7/28/2020,214.7252069
7/29/2020,221.6894322
7/30/2020,217.0588651
7/31/2020,211.2160768
8/1/2020,205.4070151
8/2/2020,214.5084181
8/3/2020,228.8454752
8/4/2020,220.4031655
8/5/2020,227.9801679
8/6/2020,205.9492816
8/7/2020,213.7628332
8/8/2020,200.7886447
8/9/2020,198.4933736
8/10/2020,208.0823681
8/11/2020,227.2248882
8/12/2020,226.0423648
8/13/2020,217.4720596
8/14/2020,198.722602
8/15/2020,206.507854
8/16/2020,211.2604597
8/17/2020,213.9678215
8/18/2020,201.5341617
8/19/2020,209.9436471
8/20/2020,213.668988
8/21/2020,213.9582516
8/22/2020,189.2234082
8/23/2020,206.2952879
8/24/2020,212.4848962
8/25/2020,221.8903915
8/26/2020,221.4504935
8/27/2020,217.7165189
8/28/2020,202.1760613
8/29/2020,190.4698152
8/30/2020,203.4234076
8/31/2020,218.3636566
9/1/2020,225.2861613
9/2/2020,220.6723658
9/3/2020,215.6066923
9/4/2020,210.7647533
9/5/2020,200.473312
9/6/2020,204.7524905
9/7/2020,222.9653389
9/8/2020,205.8975919
9/9/2020,227.2433863
9/10/2020,208.9708662
9/11/2020,217.7444409
9/12/2020,193.1195801
9/13/2020,209.9707918
9/14/2020,203.2481992
9/15/2020,201.6847222
9/16/2020,215.6816802
9/17/2020,219.2707763
9/18/2020,200.0692205
9/19/2020,192.1097848
9/20/2020,204.3168317
9/21/2020,208.2512919
9/22/2020,217.2423648
9/23/2020,221.4197855
9/24/2020,210.6501019
9/25/2020,221.6441152
9/26/2020,205.9081454
9/27/2020,202.3336421
9/28/2020,196.1528879
9/29/2020,210.8904383
9/30/2020,211.3091488
10/1/2020,219.026428
10/2/2020,210.7599047
10/3/2020,194.98066
10/4/2020,206.8258384
10/5/2020,214.8018221
10/6/2020,225.641489
10/7/2020,221.5671461
10/8/2020,217.9389356
10/9/2020,208.0901432
10/10/2020,208.1127073
10/11/2020,216.0755393
10/12/2020,199.4400565
10/13/2020,211.3353281
10/14/2020,209.040954
10/15/2020,215.6804331
10/16/2020,218.286794
10/17/2020,201.1063412
10/18/2020,187.8731875
10/19/2020,207.7606537
10/20/2020,222.4346097
10/21/2020,220.5581534
10/22/2020,217.1477294
10/23/2020,207.319299
10/24/2020,196.8030806
10/25/2020,212.3098837
10/26/2020,205.6145293
10/27/2020,233.8681457
10/28/2020,222.1276308
10/29/2020,210.4211269
10/30/2020,206.0495491
10/31/2020,207.7101561
11/1/2020,207.7265693
11/2/2020,222.7148458
11/3/2020,219.4140825
11/4/2020,213.2735325
11/5/2020,231.7881162
11/6/2020,212.9682607
11/7/2020,216.272087
11/8/2020,206.4785304
11/9/2020,218.4205473
11/10/2020,222.1803496
11/11/2020,205.8109497
11/12/2020,234.6207517
11/13/2020,224.7648641
11/14/2020,208.8412181
11/15/2020,204.4546253
11/16/2020,220.2551095
11/17/2020,222.374114
11/18/2020,225.7921327
11/19/2020,222.0788786
11/20/2020,220.5659051
11/21/2020,225.7015352
11/22/2020,219.94943
11/23/2020,211.2361695
11/24/2020,234.7662637
11/25/2020,238.2828055
11/26/2020,247.9991408
11/27/2020,209.7892047
11/28/2020,218.3515033
11/29/2020,201.0567683
11/30/2020,226.3905677
12/1/2020,221.8345312
12/2/2020,242.9216376
12/3/2020,218.9831504
12/4/2020,207.6816621
12/5/2020,215.0762718
12/6/2020,204.3669285
12/7/2020,230.4501485
12/8/2020,212.1935151
12/9/2020,230.2732017
12/10/2020,211.0858208
12/11/2020,221.1771108
12/12/2020,234.5532372
12/13/2020,225.6306444
12/14/2020,220.1221676
12/15/2020,231.0667766
12/16/2020,232.8046872
12/17/2020,234.1164759
12/18/2020,215.443168
12/19/2020,228.7960293
12/20/2020,203.7696555
12/21/2020,224.6597231
12/22/2020,230.0875574
12/23/2020,240.4124732
12/24/2020,233.2090491
12/25/2020,217.8326601
12/26/2020,218.8805321
12/27/2020,229.7043651
12/28/2020,231.7808401
12/29/2020,232.0790688
12/30/2020,234.2205262
12/31/2020,241.3209978
1/1/2021,227.4029152
1/2/2021,228.5240718
1/3/2021,247.9431398
1/4/2021,223.4924014
1/5/2021,224.364929
1/6/2021,246.8020129
1/7/2021,232.7864631
1/8/2021,231.7176918
1/9/2021,225.6951301
1/10/2021,231.2165595
1/11/2021,250.3765072
1/12/2021,248.2973584
1/13/2021,250.1253589
1/14/2021,229.572979
1/15/2021,227.733762
1/16/2021,211.9026653
1/17/2021,229.4816453
1/18/2021,247.8936838
1/19/2021,248.6571933
1/20/2021,244.0855026
1/21/2021,243.3424947
1/22/2021,234.0373926
1/23/2021,238.8455578
1/24/2021,244.6619447
1/25/2021,229.8765566
1/26/2021,249.4670973
1/27/2021,255.8494248
1/28/2021,242.7158194
1/29/2021,247.6525442
1/30/2021,262.2052776
1/31/2021,240.1621848
2/1/2021,248.3929354
2/2/2021,243.5884783
2/3/2021,252.2425428
2/4/2021,252.1003346
2/5/2021,245.9655599
2/6/2021,233.8680994
2/7/2021,244.9625822
2/8/2021,259.2353579
2/9/2021,255.3492995
2/10/2021,260.7311
2/11/2021,248.7395563
2/12/2021,252.5977734
2/13/2021,246.4252608
2/14/2021,237.8430179
2/15/2021,252.1971953
2/16/2021,245.9099679
2/17/2021,250.0270573
2/18/2021,254.176231
2/19/2021,250.9730286
2/20/2021,236.6438156
2/21/2021,255.818314
2/22/2021,256.1302901
2/23/2021,250.0795455
2/24/2021,244.6314121
2/25/2021,253.3120676
2/26/2021,246.8044922
2/27/2021,248.8066028
2/28/2021,246.1917133
3/1/2021,237.1708071
3/2/2021,254.2524216
3/3/2021,256.0941723
3/4/2021,261.1124567
3/5/2021,246.3227677
3/6/2021,262.8312987
3/7/2021,235.2676937
3/8/2021,265.1473842
3/9/2021,256.9553103
3/10/2021,266.7692349
3/11/2021,257.9974709
3/12/2021,262.3028649
3/13/2021,247.5429423
3/14/2021,242.9734004
3/15/2021,267.184972
3/16/2021,258.9660087
3/17/2021,262.7498757
3/18/2021,268.2825601
3/19/2021,245.9366833
3/20/2021,256.3718856
3/21/2021,247.9693506
3/22/2021,255.6495726
3/23/2021,261.2977525
3/24/2021,249.7808214
3/25/2021,252.9384146
3/26/2021,265.7247206
3/27/2021,259.3804266
3/28/2021,252.8293495
3/29/2021,259.252796
3/30/2021,258.9253018
3/31/2021,273.1537535
4/1/2021,258.0434905
4/2/2021,257.2067379
4/3/2021,261.8536309
4/4/2021,247.4645937
4/5/2021,270.0898182
4/6/2021,249.3058461
4/7/2021,275.5671327
4/8/2021,256.8524562
4/9/2021,253.5566405
4/10/2021,237.6702685
4/11/2021,250.1089622
4/12/2021,249.3236767
4/13/2021,256.6699486
4/14/2021,261.3721477
4/15/2021,267.3960035
4/16/2021,257.018161
4/17/2021,255.0702971
4/18/2021,244.7612773
4/19/2021,250.3339474
4/20/2021,275.6186815
4/21/2021,256.2468839
4/22/2021,272.6014839
4/23/2021,252.99149
4/24/2021,252.16655
4/25/2021,261.5886645
4/26/2021,267.0166209
4/27/2021,259.7653267
4/28/2021,258.4072033
4/29/2021,258.2510961
4/30/2021,256.9485558
5/1/2021,258.5501653
5/2/2021,252.2939548
5/3/2021,260.990149
5/4/2021,272.9198186
5/5/2021,263.6886174
5/6/2021,260.280908
5/7/2021,241.1474312
5/8/2021,229.3926882
5/9/2021,254.3512713
5/10/2021,254.2303656
5/11/2021,254.6107367
5/12/2021,261.4690113
5/13/2021,256.1540815
5/14/2021,261.1380179
5/15/2021,249.9123509
5/16/2021,244.0221445
5/17/2021,261.6323488
5/18/2021,255.6832757
5/19/2021,262.394138
5/20/2021,251.4493399
5/21/2021,245.5192139
5/22/2021,248.4701099
5/23/2021,248.6452239
5/24/2021,256.066988
5/25/2021,253.7613332
5/26/2021,241.9545046
5/27/2021,250.2438855
5/28/2021,255.4802974
5/29/2021,243.8047102
5/30/2021,244.9340881
5/31/2021,258.4581293
6/1/2021,248.5302302
6/2/2021,242.595838
6/3/2021,250.6918723
6/4/2021,243.5057727
6/5/2021,236.6823455
6/6/2021,243.7105263
6/7/2021,252.687987
6/8/2021,252.3215885
6/9/2021,255.5456859
6/10/2021,264.6180906
6/11/2021,242.753022
6/12/2021,244.7396263
6/13/2021,239.1246574
6/14/2021,240.054825
6/15/2021,245.7720129
6/16/2021,247.3014321
6/17/2021,251.0152589
6/18/2021,262.3049209
6/19/2021,234.7890711
6/20/2021,237.858948
6/21/2021,244.3039977
6/22/2021,251.5913283
6/23/2021,251.204649
6/24/2021,256.3687359
6/25/2021,222.0501695
6/26/2021,219.364147
6/27/2021,235.1609718
6/28/2021,251.5180148
6/29/2021,233.8256763
6/30/2021,222.9571067
7/1/2021,248.5840371
7/2/2021,241.3266159
7/3/2021,227.6521018
7/4/2021,229.1567062
7/5/2021,232.8942442
7/6/2021,245.1479909
7/7/2021,239.9214702
7/8/2021,245.8826313
7/9/2021,214.4582654
7/10/2021,227.4399879
7/11/2021,225.9574479
7/12/2021,236.5308566
7/13/2021,237.8939531
7/14/2021,249.2553139
7/15/2021,225.0026454
7/16/2021,235.6137805
7/17/2021,236.7241143
7/18/2021,247.7904269
7/19/2021,232.7082645
7/20/2021,242.7849487
7/21/2021,226.4434295
7/22/2021,218.7549675
7/23/2021,240.0335131
7/24/2021,230.2512807
7/25/2021,240.4172346
7/26/2021,223.6412715
7/27/2021,242.4294828
7/28/2021,253.9214064
7/29/2021,239.3609975
7/30/2021,233.6175622
7/31/2021,228.5113085
8/1/2021,216.5873258
8/2/2021,243.6571075
8/3/2021,231.5868508
8/4/2021,241.230219
8/5/2021,221.7432308
8/6/2021,220.2346629
8/7/2021,238.2108743
8/8/2021,224.685761
8/9/2021,242.7716109
8/10/2021,234.204419
8/11/2021,220.8399731
8/12/2021,239.789672
8/13/2021,223.3822177
8/14/2021,230.7766504
8/15/2021,226.149331
8/16/2021,217.3109693
8/17/2021,234.682709
8/18/2021,251.7111327
8/19/2021,235.1918397
8/20/2021,226.2651659
8/21/2021,232.4434754
8/22/2021,226.3167097
8/23/2021,230.0465205
8/24/2021,223.3807695
8/25/2021,234.7891062
8/26/2021,238.3404806
8/27/2021,218.8782537
8/28/2021,234.111033
8/29/2021,222.8053747
8/30/2021,220.2094921
8/31/2021,239.0703774
9/1/2021,229.634064
9/2/2021,235.1780818
9/3/2021,222.313022
9/4/2021,221.3524746
9/5/2021,226.6395554
9/6/2021,228.8272543
9/7/2021,214.3502098
9/8/2021,222.2206486
9/9/2021,235.8367735
9/10/2021,222.9271813
9/11/2021,217.0163591
9/12/2021,211.2358295
9/13/2021,217.3140255
9/14/2021,213.6306602
9/15/2021,229.9099304
9/16/2021,223.1827967
9/17/2021,215.8598228
9/18/2021,220.3091327
9/19/2021,224.7039547
9/20/2021,242.4253118
9/21/2021,217.4780137
9/22/2021,239.8036388
9/23/2021,235.6040579
9/24/2021,217.2494051
9/25/2021,222.410429
9/26/2021,218.1024603
9/27/2021,227.177592
9/28/2021,241.6995934
9/29/2021,235.4680925
9/30/2021,232.024019
10/1/2021,220.2168879
10/2/2021,209.1306544
10/3/2021,220.3557277
10/4/2021,235.6462941
10/5/2021,217.7519516
10/6/2021,222.5666737
10/7/2021,229.3908176
10/8/2021,216.2489942
10/9/2021,215.1710928
10/10/2021,219.1841042
10/11/2021,215.6590879
10/12/2021,222.8080165
10/13/2021,237.307515
10/14/2021,218.6353221
10/15/2021,212.097645
10/16/2021,217.2661264
10/17/2021,229.2640983
10/18/2021,225.8845769
10/19/2021,227.800465
10/20/2021,232.991106
10/21/2021,216.124598
10/22/2021,229.8738774
10/23/2021,226.4488378
10/24/2021,221.2482152
10/25/2021,236.6605385
10/26/2021,223.6890515
10/27/2021,242.8898716
10/28/2021,232.5947588
10/29/2021,224.5302705
10/30/2021,224.5664424
10/31/2021,225.0459506
11/1/2021,239.7937888
11/2/2021,225.5506428
11/3/2021,229.2578376
11/4/2021,241.1766139
11/5/2021,224.021425
11/6/2021,233.5279735
11/7/2021,241.1327196
11/8/2021,228.4848253
11/9/2021,241.3167323
11/10/2021,227.8639
11/11/2021,240.6927737
11/12/2021,232.182654
11/13/2021,231.9419751
11/14/2021,224.2385695
11/15/2021,220.3079292
11/16/2021,241.8202909
11/17/2021,222.5452073
11/18/2021,234.1051661
11/19/2021,240.1353541
11/20/2021,231.7405594
11/21/2021,247.066156
11/22/2021,243.9017788
11/23/2021,234.6949084
11/24/2021,241.4297365
11/25/2021,238.4502329
11/26/2021,222.1595929
11/27/2021,224.9186136
11/28/2021,229.2545074
11/29/2021,221.6964991
11/30/2021,242.6149968
12/1/2021,241.5506156
12/2/2021,227.80042
12/3/2021,240.4268923
12/4/2021,240.5661702
12/5/2021,237.9748399
12/6/2021,237.8316522
12/7/2021,249.4238591
12/8/2021,251.4609316
12/9/2021,246.1368456
12/10/2021,233.1077612
12/11/2021,239.5802396
12/12/2021,248.2667761
12/13/2021,238.2109954
12/14/2021,264.0504672
12/15/2021,244.4028849
12/16/2021,246.5390982
12/17/2021,236.9397855
12/18/2021,241.7807179
12/19/2021,227.403699
12/20/2021,241.2649726
12/21/2021,241.1893102
12/22/2021,252.3593222
12/23/2021,256.9127648
12/24/2021,250.1730262
12/25/2021,223.7138455
12/26/2021,260.3771594
12/27/2021,250.7005325
12/28/2021,246.424423
12/29/2021,255.2482181
12/30/2021,253.0850179
12/31/2021,242.3915249
1/1/2022,247.0801075
1/2/2022,241.9920448
1/3/2022,247.9154478
1/4/2022,249.958326
1/5/2022,245.341322
1/6/2022,255.6523058
1/7/2022,255.2167049
1/8/2022,252.3349792
1/9/2022,256.1268046
1/10/2022,256.456379
1/11/2022,253.893095
1/12/2022,266.220663
1/13/2022,246.3197489
1/14/2022,246.0161262
1/15/2022,243.1817097
1/16/2022,260.8787645
1/17/2022,264.0656967
1/18/2022,264.7051968
1/19/2022,270.7200815
1/20/2022,252.7756649
1/21/2022,258.6283598
1/22/2022,252.4993999
1/23/2022,261.6055649
1/24/2022,258.1798213
1/25/2022,260.2908044
1/26/2022,269.0202054
1/27/2022,269.3516175
1/28/2022,253.008562
1/29/2022,255.5106524
1/30/2022,248.8435383
1/31/2022,241.5791357
2/1/2022,267.4168527
2/2/2022,271.9871992
2/3/2022,266.8413864
2/4/2022,245.1403697
2/5/2022,255.5523441
2/6/2022,241.9019013
2/7/2022,274.8359936
2/8/2022,259.4160504
2/9/2022,279.4264636
2/10/2022,274.5544781
2/11/2022,255.7496311
2/12/2022,251.4886103
2/13/2022,264.6171012
2/14/2022,259.2624081
2/15/2022,271.0356011
2/16/2022,267.6039419
2/17/2022,254.7931505
2/18/2022,247.1365622
2/19/2022,264.3608668
2/20/2022,259.2882347
2/21/2022,263.528406
2/22/2022,277.6878472
2/23/2022,282.7279326
2/24/2022,268.7040511
2/25/2022,264.0652164
2/26/2022,268.3255046
2/27/2022,254.669016
2/28/2022,271.4485677
3/1/2022,278.2122464
3/2/2022,280.4240602
3/3/2022,256.9974219
3/4/2022,262.2710282
3/5/2022,258.8345775
3/6/2022,267.8240183
3/7/2022,274.9734714
3/8/2022,287.1984241
3/9/2022,272.4131596
3/10/2022,269.8642943
3/11/2022,278.875137
3/12/2022,269.5113545
3/13/2022,278.4060715
3/14/2022,274.6388845
3/15/2022,267.1307014
3/16/2022,266.8318484
3/17/2022,262.5176283
3/18/2022,276.0196613
3/19/2022,277.6534182
3/20/2022,284.025877
3/21/2022,280.0000479
3/22/2022,286.5763327
3/23/2022,273.7024115
3/24/2022,266.4835882
3/25/2022,278.2884475
3/26/2022,272.2099019
3/27/2022,270.7734735
3/28/2022,276.9961346
3/29/2022,280.4599888
3/30/2022,289.1727981
3/31/2022,286.6132895
4/1/2022,276.3187758
4/2/2022,276.0707425
4/3/2022,274.4209116
4/4/2022,270.5609044
4/5/2022,284.2387187
4/6/2022,268.0165982
4/7/2022,284.9134464
4/8/2022,262.5963792
4/9/2022,271.7369751
4/10/2022,263.6521396
4/11/2022,278.7411285
4/12/2022,277.9374238
4/13/2022,266.3960931
4/14/2022,279.7885509
4/15/2022,267.4290062
4/16/2022,276.3588263
4/17/2022,270.2425108
4/18/2022,277.255497
4/19/2022,270.2861252
4/20/2022,274.1372449
4/21/2022,272.4117015
4/22/2022,278.5241396
4/23/2022,282.3073146
4/24/2022,263.3298939
4/25/2022,282.2072251
4/26/2022,260.0507588
4/27/2022,268.7213334
4/28/2022,267.7952384
4/29/2022,260.1970921
4/30/2022,255.5285069
5/1/2022,272.3467485
5/2/2022,271.114271
5/3/2022,279.6409985
5/4/2022,282.9597436
5/5/2022,276.7153948
5/6/2022,275.3684924
5/7/2022,266.6947779
5/8/2022,258.5656035
5/9/2022,280.2734756
5/10/2022,270.842759
5/11/2022,268.8672491
5/12/2022,272.049745
5/13/2022,261.6535259
5/14/2022,262.7286513
5/15/2022,269.5989167
5/16/2022,273.3509614
5/17/2022,267.095075
5/18/2022,271.1417027
5/19/2022,280.7288269
5/20/2022,271.5585283
5/21/2022,281.2706677
5/22/2022,274.8608109
5/23/2022,278.2636359
5/24/2022,261.6921199
5/25/2022,279.6444035
5/26/2022,270.1728469
5/27/2022,261.616924
5/28/2022,264.4261907
5/29/2022,271.3684325
5/30/2022,271.4785047
5/31/2022,264.1060235
6/1/2022,277.7887087
6/2/2022,263.7898818
6/3/2022,266.0290881
6/4/2022,258.9046821
6/5/2022,260.2844074
6/6/2022,271.8101944
6/7/2022,261.0010887
6/8/2022,285.580479
6/9/2022,252.4734672
6/10/2022,257.6481894
6/11/2022,262.4100663
6/12/2022,264.8103719
6/13/2022,262.9612552
6/14/2022,266.9332738
6/15/2022,271.3586962
6/16/2022,263.2352633
6/17/2022,271.6036045
6/18/2022,264.1794259
6/19/2022,265.1230348
6/20/2022,254.0293933
6/21/2022,264.7405711
6/22/2022,263.6442313
6/23/2022,255.0037498
6/24/2022,261.2959849
6/25/2022,251.1124583
6/26/2022,261.325838
6/27/2022,251.1331614
6/28/2022,277.0586349
6/29/2022,256.8032207
6/30/2022,262.7249025
7/1/2022,262.6681782
7/2/2022,248.764553
7/3/2022,260.8165396
7/4/2022,247.7742509
7/5/2022,272.8358322
7/6/2022,261.9999239
7/7/2022,254.1130196
7/8/2022,251.8553676
7/9/2022,257.7189512
7/10/2022,247.2421819
7/11/2022,249.5377148
7/12/2022,257.3759859
7/13/2022,250.4056596
7/14/2022,271.3892333
7/15/2022,247.6648847
7/16/2022,255.8551014
7/17/2022,251.556205
7/18/2022,245.6276716
7/19/2022,257.0814512
7/20/2022,264.0843235
7/21/2022,253.3205596
7/22/2022,259.7542226
7/23/2022,255.3997596
7/24/2022,255.2701032
7/25/2022,247.8785756
7/26/2022,246.5564517
7/27/2022,250.9845862
7/28/2022,254.4931095
7/29/2022,252.6883482
7/30/2022,227.9846573
7/31/2022,246.0009756
8/1/2022,250.9857879
8/2/2022,251.1588666
8/3/2022,264.426924
8/4/2022,254.5209119
8/5/2022,257.0477423
8/6/2022,241.8949745
8/7/2022,251.8530164
8/8/2022,261.1114071
8/9/2022,262.2056514
8/10/2022,243.7161529
8/11/2022,247.498065
8/12/2022,242.2105154
8/13/2022,245.9677109
8/14/2022,248.3009897
8/15/2022,239.8031993
8/16/2022,250.7653199
8/17/2022,234.8319536
8/18/2022,259.629226
8/19/2022,239.4676559
8/20/2022,241.1245378
8/21/2022,238.9865519
8/22/2022,254.3662792
8/23/2022,226.2368918
8/24/2022,249.6039095
8/25/2022,246.0240903
8/26/2022,238.746544
8/27/2022,253.3288817
8/28/2022,233.2394521
8/29/2022,250.280089
8/30/2022,250.7283672
8/31/2022,258.8044962
9/1/2022,240.5432236
9/2/2022,235.5569134
9/3/2022,247.3679687
9/4/2022,242.8566757
9/5/2022,230.8982716
9/6/2022,242.7523344
9/7/2022,251.0285467
9/8/2022,251.8450307
9/9/2022,235.2863502
9/10/2022,214.6225445
9/11/2022,243.0150164
9/12/2022,232.9085528
9/13/2022,230.3799024
9/14/2022,224.7694633
9/15/2022,251.1843415
9/16/2022,241.3179388
9/17/2022,235.7395933
9/18/2022,249.5893364
9/19/2022,247.4574837
9/20/2022,259.1768254
9/21/2022,236.0542186
9/22/2022,244.2045038
9/23/2022,227.2042402
9/24/2022,235.5994067
9/25/2022,236.418636
9/26/2022,247.343132
9/27/2022,246.6232911
9/28/2022,252.2368238
9/29/2022,250.2030821
9/30/2022,257.5132833
10/1/2022,235.0893076
10/2/2022,231.0979476
10/3/2022,244.558839
10/4/2022,240.1418853
10/5/2022,259.448002
10/6/2022,242.6939627
10/7/2022,236.1747667
10/8/2022,234.3080251
10/9/2022,244.8816412
10/10/2022,241.8776137
10/11/2022,242.0173892
10/12/2022,261.546828
10/13/2022,238.7830513
10/14/2022,241.6975108
10/15/2022,244.0513896
10/16/2022,226.8786668
10/17/2022,247.8172349
10/18/2022,239.5857866
10/19/2022,255.7223973
10/20/2022,238.8873459
10/21/2022,247.9511116
10/22/2022,248.7152151
10/23/2022,247.8958711
10/24/2022,247.0999129
10/25/2022,247.3294315
10/26/2022,245.7206851
10/27/2022,259.5871956
10/28/2022,238.0815496
10/29/2022,232.878481
10/30/2022,247.6714043
10/31/2022,240.1016709
11/1/2022,242.9977143
11/2/2022,240.2382631
11/3/2022,245.4470311
11/4/2022,244.5431724
11/5/2022,244.6827567
11/6/2022,251.5571802
11/7/2022,252.3191118
11/8/2022,250.7389044
11/9/2022,251.9032896
11/10/2022,255.1270163
11/11/2022,257.1541705
11/12/2022,245.5500941
11/13/2022,242.0276435
11/14/2022,242.0269147
11/15/2022,242.601651
11/16/2022,260.7474531
11/17/2022,257.6285791
11/18/2022,253.5815801
11/19/2022,245.528942
11/20/2022,259.0838769
11/21/2022,248.1731635
11/22/2022,263.9097561
11/23/2022,257.2391737
11/24/2022,250.2967417
11/25/2022,255.8881428
11/26/2022,252.0464144
11/27/2022,252.9206084
11/28/2022,254.9575186
11/29/2022,258.2498151
11/30/2022,278.9650464
12/1/2022,266.9695619
12/2/2022,259.2848882
12/3/2022,252.039901
12/4/2022,260.5194673
12/5/2022,260.8692189
12/6/2022,261.2005323
12/7/2022,259.8868287
12/8/2022,259.3241484
12/9/2022,230.632913
12/10/2022,255.3417843
12/11/2022,251.0826462
12/12/2022,272.0109876
12/13/2022,263.7054771
12/14/2022,255.3782665
12/15/2022,262.1612095
12/16/2022,250.2295753
12/17/2022,260.059248
12/18/2022,259.9451515
12/19/2022,269.5708862
12/20/2022,259.8729494
12/21/2022,267.8213659
12/22/2022,254.3087594
12/23/2022,266.8878459
12/24/2022,263.1082645
12/25/2022,264.276582
12/26/2022,264.6202511
12/27/2022,272.2231728
12/28/2022,283.0941504
12/29/2022,265.6627591
12/30/2022,265.1033626
12/31/2022,252.9896226
1/1/2023,256.1737079
1/2/2023,268.2010262
1/3/2023,280.5485088
1/4/2023,271.0213339
1/5/2023,268.8676784
1/6/2023,263.5492339
1/7/2023,260.2085744
1/8/2023,268.1987035
1/9/2023,258.156038
1/10/2023,284.6758706
1/11/2023,270.454542
1/12/2023,279.2308984
1/13/2023,259.3386023
1/14/2023,272.5245367
1/15/2023,273.8938885
1/16/2023,275.8786293
1/17/2023,269.1346571
1/18/2023,280.4261618
1/19/2023,266.6325115
1/20/2023,270.1065229
1/21/2023,278.0272221
1/22/2023,277.4974321
1/23/2023,275.5186683
1/24/2023,271.8698592
1/25/2023,286.1580706
1/26/2023,278.8003055
1/27/2023,256.0984413
1/28/2023,278.5686805
1/29/2023,273.4284165
1/30/2023,287.49737
1/31/2023,273.3681563
2/1/2023,258.0225665
2/2/2023,283.3009456
2/3/2023,279.3960632
2/4/2023,261.1638088
2/5/2023,268.1541646
2/6/2023,302.257122
2/7/2023,282.0001965
2/8/2023,291.5751802
2/9/2023,278.1302745
2/10/2023,262.5837996
2/11/2023,275.5446063
2/12/2023,276.0490748
2/13/2023,279.1818102
2/14/2023,285.6665704
2/15/2023,289.9528915
2/16/2023,284.2179454
2/17/2023,271.2490704
2/18/2023,282.8221031
2/19/2023,264.5754402
2/20/2023,267.9445337
2/21/2023,294.4332651
2/22/2023,293.8001201
2/23/2023,286.8335499
2/24/2023,272.0395227
2/25/2023,275.0790369
2/26/2023,279.8454077
2/27/2023,273.3240455
2/28/2023,284.3178107
3/1/2023,296.6388228
3/2/2023,300.3529798
3/3/2023,281.4546674
3/4/2023,288.3660955
3/5/2023,268.1712243
3/6/2023,292.8672293
3/7/2023,285.2626241
3/8/2023,295.3065272
3/9/2023,288.3431825
3/10/2023,296.7268882
3/11/2023,276.6345941
3/12/2023,289.7826108
3/13/2023,286.5954964
3/14/2023,291.6293133
3/15/2023,292.5398246
3/16/2023,284.6838088
3/17/2023,287.1356364
3/18/2023,284.1743792
3/19/2023,287.697587
3/20/2023,290.4737177
3/21/2023,300.2058583
3/22/2023,302.2847144
3/23/2023,283.889874
3/24/2023,295.0037966
3/25/2023,275.9494398
3/26/2023,291.1943244
3/27/2023,295.4385254
3/28/2023,279.1733243
3/29/2023,296.2413603
3/30/2023,289.1066127
3/31/2023,282.5019846
4/1/2023,296.72415
4/2/2023,281.6979078
4/3/2023,284.4240924
4/4/2023,295.4225184
4/5/2023,301.2939407
4/6/2023,291.9916884
4/7/2023,298.1319802
4/8/2023,290.3526864
4/9/2023,269.6478797
4/10/2023,286.7443322
4/11/2023,290.3859765
4/12/2023,299.6667346
4/13/2023,272.1079227
4/14/2023,309.1337334
4/15/2023,290.2528996
4/16/2023,288.1236884
4/17/2023,300.2511436
4/18/2023,313.4080582
4/19/2023,302.5356714
4/20/2023,300.3947259
4/21/2023,289.4450326
4/22/2023,284.4906321
4/23/2023,282.7049558
4/24/2023,283.7290687
4/25/2023,288.6630238
4/26/2023,284.2267518
4/27/2023,291.6201953
4/28/2023,274.3068273
4/29/2023,286.4968122
4/30/2023,285.5295905
5/1/2023,290.7849363
5/2/2023,289.2164567
5/3/2023,318.8436596
5/4/2023,302.2692077
5/5/2023,276.9528207
5/6/2023,285.9216501
5/7/2023,280.0100084
5/8/2023,280.5124095
5/9/2023,281.6570822
5/10/2023,296.636411
5/11/2023,284.853296
5/12/2023,293.5343981
5/13/2023,290.8585893
5/14/2023,294.6824308
5/15/2023,280.5940879
5/16/2023,294.933849
5/17/2023,296.9603707
5/18/2023,285.2022387
5/19/2023,278.2786891
5/20/2023,294.4158111
5/21/2023,284.1131358
5/22/2023,291.0742241
5/23/2023,283.09938
5/24/2023,280.663814
5/25/2023,282.9302409
5/26/2023,281.9242321
5/27/2023,271.4633368
5/28/2023,280.6263309
5/29/2023,270.8653953
5/30/2023,279.0781693
5/31/2023,294.1241253
6/1/2023,290.6316799
6/2/2023,278.0742699
6/3/2023,270.105827
6/4/2023,270.7352757
6/5/2023,279.6158881
6/6/2023,291.4030952
6/7/2023,294.3716254
6/8/2023,279.9989829
6/9/2023,270.1329182
6/10/2023,278.5245983
6/11/2023,270.4831129
6/12/2023,276.5565341
6/13/2023,294.9339663
6/14/2023,291.6323442
6/15/2023,283.2904084
6/16/2023,267.2271689
6/17/2023,276.1016453
6/18/2023,283.5889127
6/19/2023,275.7020673
6/20/2023,293.1342564
6/21/2023,293.3406622
6/22/2023,293.3101399
6/23/2023,277.8092077
6/24/2023,277.0661234
6/25/2023,284.3501441
6/26/2023,280.2284556
6/27/2023,276.2515177
6/28/2023,277.3409887
6/29/2023,279.83464
6/30/2023,262.9646943
7/1/2023,269.1395508
7/2/2023,279.7250748
7/3/2023,257.0334563
7/4/2023,290.4502732
7/5/2023,287.8209058
7/6/2023,272.1609312
7/7/2023,275.5501393
7/8/2023,268.226322
7/9/2023,278.7105414
7/10/2023,280.345986
7/11/2023,264.8987072
7/12/2023,281.4693994
7/13/2023,272.1286521
7/14/2023,269.8062445
7/15/2023,260.3229846
7/16/2023,280.810285
7/17/2023,278.7676356
7/18/2023,268.1524714
7/19/2023,264.0752254
7/20/2023,268.6792386
7/21/2023,270.6213733
7/22/2023,266.0832842
7/23/2023,274.8757205
7/24/2023,274.8048388
7/25/2023,279.8790786
7/26/2023,275.4330559
7/27/2023,258.7312156
7/28/2023,263.6762956
7/29/2023,270.7550908
7/30/2023,262.5680665
7/31/2023,270.6573008
8/1/2023,267.7377842
8/2/2023,262.7637472
8/3/2023,267.0622992
8/4/2023,265.9377527
8/5/2023,255.2730237
8/6/2023,259.3599901
8/7/2023,257.4041872
8/8/2023,277.551532
8/9/2023,266.9794791
8/10/2023,278.0276484
8/11/2023,274.0761583
8/12/2023,258.2757837
8/13/2023,251.6091061
8/14/2023,246.6896749
8/15/2023,255.3047408
8/16/2023,256.8549546
8/17/2023,275.9714476
8/18/2023,261.3389645
8/19/2023,260.6358044
8/20/2023,240.5372796
8/21/2023,252.4467148
8/22/2023,272.8613935
8/23/2023,268.8541576
8/24/2023,262.5114684
8/25/2023,263.7080811
8/26/2023,269.4143359
8/27/2023,255.373751
8/28/2023,261.4597429
8/29/2023,266.2131916
8/30/2023,284.6382433
8/31/2023,245.8698105
9/1/2023,263.6652223
9/2/2023,254.454565
9/3/2023,260.7566046
9/4/2023,254.7618214
9/5/2023,263.4327468
9/6/2023,270.3810806
9/7/2023,286.7930854
9/8/2023,263.9259083
9/9/2023,247.8879891
9/10/2023,252.1695363
9/11/2023,255.7686147
9/12/2023,248.8726696
9/13/2023,261.5009126
9/14/2023,267.2430218
9/15/2023,246.7973395
9/16/2023,262.6291788
9/17/2023,259.0700643
9/18/2023,253.1699716
9/19/2023,261.7933458
9/20/2023,276.6560209
9/21/2023,267.0168033
9/22/2023,256.8698799
9/23/2023,252.1887991
9/24/2023,255.6703593
9/25/2023,254.880151
9/26/2023,246.0589235
9/27/2023,280.2192247
9/28/2023,262.444485
9/29/2023,260.079441
9/30/2023,253.7629103
10/1/2023,249.3537679
10/2/2023,257.70543
10/3/2023,250.3617086
10/4/2023,282.3998389
10/5/2023,251.6685382
10/6/2023,249.0226786
10/7/2023,251.1296223
10/8/2023,266.006178
10/9/2023,259.8170705
10/10/2023,253.8171998
10/11/2023,274.8084521
10/12/2023,268.0243361
10/13/2023,262.2585915
10/14/2023,261.0911745
10/15/2023,275.610857
10/16/2023,277.9768035
10/17/2023,259.0481248
10/18/2023,278.6407494
10/19/2023,266.1577989
10/20/2023,262.9000224
10/21/2023,242.8231111
10/22/2023,256.1284859
10/23/2023,255.0684869
10/24/2023,272.2805469
10/25/2023,275.3715045
10/26/2023,247.6884693
10/27/2023,259.961341
10/28/2023,266.6047217
10/29/2023,257.3045993
10/30/2023,268.7476587
10/31/2023,269.8467858
11/1/2023,270.9545255
11/2/2023,263.5688958
11/3/2023,251.8963653
11/4/2023,250.1849698
11/5/2023,266.0358644
11/6/2023,264.6690929
11/7/2023,267.5625271
11/8/2023,266.4977832
11/9/2023,264.9996627
11/10/2023,271.7397528
11/11/2023,258.2439749
11/12/2023,251.4340842
11/13/2023,272.2966012
11/14/2023,268.8975261
11/15/2023,272.0374815
11/16/2023,282.2302406
11/17/2023,265.1589683
11/18/2023,265.2284597
11/19/2023,254.7498511
11/20/2023,266.63774
11/21/2023,277.4890165
11/22/2023,261.4476337
11/23/2023,273.108196
11/24/2023,268.2885782
11/25/2023,265.4305184
11/26/2023,274.689618
11/27/2023,273.3070311
11/28/2023,286.6985631
11/29/2023,268.227265
11/30/2023,274.8977854
12/1/2023,270.4899449
12/2/2023,258.9005555
12/3/2023,276.4188891
12/4/2023,291.6262928
12/5/2023,277.1559088
12/6/2023,282.6540844
12/7/2023,276.9438095
12/8/2023,266.5815116
12/9/2023,255.3825551
12/10/2023,265.6338111
12/11/2023,264.4214844
12/12/2023,293.4691409
12/13/2023,280.2528684
12/14/2023,276.0749376
12/15/2023,281.9921832
12/16/2023,263.5768535
12/17/2023,267.7600977
12/18/2023,278.7288474
12/19/2023,290.7050178
12/20/2023,287.8365054
12/21/2023,283.4882207
12/22/2023,278.1725775
12/23/2023,278.4300928
12/24/2023,278.1935397
12/25/2023,272.6370603
12/26/2023,285.5426293
12/27/2023,277.9385018
12/28/2023,284.8604163
12/29/2023,276.4170314
12/30/2023,298.2615725
12/31/2023,278.9824993
1/1/2024,272.4525757
1/2/2024,286.9117748
1/3/2024,293.4949318
1/4/2024,300.4108105
1/5/2024,278.3580933
1/6/2024,268.0972104
1/7/2024,288.6443453
1/8/2024,275.3608388
1/9/2024,287.2115523
1/10/2024,289.9904115
1/11/2024,289.1731711
1/12/2024,291.287688
1/13/2024,277.9818352
1/14/2024,282.607003
1/15/2024,288.9708655
1/16/2024,294.568493
1/17/2024,295.495724
1/18/2024,295.8701409
1/19/2024,295.1663789
1/20/2024,289.2220203
1/21/2024,291.0436228
1/22/2024,279.0327281
1/23/2024,296.365723
1/24/2024,301.1273936
1/25/2024,300.7772169
1/26/2024,285.4251513
1/27/2024,283.3409702
1/28/2024,285.3378579
1/29/2024,298.480287
1/30/2024,306.7155052
1/31/2024,296.493661
2/1/2024,304.6522139
2/2/2024,294.3748151
2/3/2024,290.0215859
2/4/2024,290.6211294
2/5/2024,302.5217485
2/6/2024,303.3866992
2/7/2024,320.2747062
2/8/2024,292.8620297
2/9/2024,299.7990686
2/10/2024,289.0249331
2/11/2024,287.5753978
2/12/2024,298.6536708
2/13/2024,304.0463526
2/14/2024,327.5521069
2/15/2024,300.3178972
2/16/2024,288.696153
2/17/2024,297.4975238
2/18/2024,279.9585258
2/19/2024,300.0014566
2/20/2024,305.0422923
2/21/2024,312.4996456
2/22/2024,311.4852543
2/23/2024,295.5828577
2/24/2024,295.950517
2/25/2024,292.2363792
2/26/2024,293.4895779
2/27/2024,309.1370521
2/28/2024,297.664377
2/29/2024,302.0554832
3/1/2024,293.2918471
3/2/2024,303.1599293
3/3/2024,314.3486509
3/4/2024,293.6376977
3/5/2024,293.3341681
3/6/2024,308.3181378
3/7/2024,306.925663
3/8/2024,304.3931781
3/9/2024,296.5453304
3/10/2024,299.6479862
3/11/2024,308.2685403
3/12/2024,317.7216999
3/13/2024,294.8783884
3/14/2024,305.0114587
3/15/2024,305.4783659
3/16/2024,293.8569377
3/17/2024,316.1479435
3/18/2024,301.2510827
3/19/2024,310.0340317
3/20/2024,315.8931001
3/21/2024,304.1186855
3/22/2024,289.840978
3/23/2024,298.5766987
3/24/2024,311.298677
3/25/2024,304.3630129
3/26/2024,304.2758374
3/27/2024,319.4922585
3/28/2024,306.8036456
3/29/2024,301.0919969
3/30/2024,303.7200737
3/31/2024,309.7063545
4/1/2024,326.5477459
4/2/2024,318.0596934
4/3/2024,321.7187
4/4/2024,305.7138115
4/5/2024,297.2366341
4/6/2024,303.2519851
4/7/2024,304.5852619
4/8/2024,299.012165
4/9/2024,310.1444083
4/10/2024,315.6982755
4/11/2024,312.6673126
4/12/2024,309.4594639
4/13/2024,305.0216919
4/14/2024,299.5716429
4/15/2024,303.3881656
4/16/2024,301.7736874
4/17/2024,326.5600475
4/18/2024,309.6296195
4/19/2024,303.3240986
4/20/2024,294.9214942
4/21/2024,326.7311227
4/22/2024,298.4913917
4/23/2024,307.4738778
4/24/2024,315.1088527
4/25/2024,313.7852217
4/26/2024,312.2093252
4/27/2024,316.1973544
4/28/2024,306.6417626
4/29/2024,297.9386856
4/30/2024,308.1205896
5/1/2024,313.4791896
5/2/2024,324.7269034
5/3/2024,292.5245385
5/4/2024,310.4820911
5/5/2024,303.1210418
5/6/2024,312.1433985
5/7/2024,308.3789862
5/8/2024,303.2612191
5/9/2024,313.1379781
5/10/2024,307.8584879
5/11/2024,307.520564
5/12/2024,300.4249159
5/13/2024,299.4592362
5/14/2024,295.5095827
5/15/2024,315.3089317
5/16/2024,309.2441712
5/17/2024,293.5881049
5/18/2024,294.0965937
5/19/2024,295.4285967
5/20/2024,290.99599
5/21/2024,300.0117196
5/22/2024,298.2283666
5/23/2024,301.070576
5/24/2024,293.8949609
5/25/2024,283.8526822
5/26/2024,313.7808401
5/27/2024,311.2921119
5/28/2024,298.7079781
5/29/2024,307.8409412
5/30/2024,306.0488744
5/31/2024,307.6487445
6/1/2024,288.6127621
6/2/2024,304.6078172
6/3/2024,295.1379583
6/4/2024,292.4818315
6/5/2024,309.6630611
6/6/2024,311.2240457
6/7/2024,316.9932104
6/8/2024,283.7153739
6/9/2024,299.5962281
6/10/2024,294.3596793
6/11/2024,307.5361216
6/12/2024,290.1908626
6/13/2024,288.865581
6/14/2024,288.1383172
6/15/2024,291.9865517
6/16/2024,286.904844
6/17/2024,300.9267857
6/18/2024,307.4889903
6/19/2024,304.7449855
6/20/2024,309.9013194
6/21/2024,295.6455922
6/22/2024,279.5844074
6/23/2024,300.8970233
6/24/2024,288.7620926
6/25/2024,304.4993487
6/26/2024,310.4742857
6/27/2024,298.5351538
6/28/2024,278.2756317
6/29/2024,279.8958067
6/30/2024,298.4905992
7/1/2024,290.1664131
7/2/2024,295.7667721
7/3/2024,301.8680331
7/4/2024,298.3648133
7/5/2024,290.3881485
7/6/2024,283.4859841
7/7/2024,283.322814
7/8/2024,296.3005058
7/9/2024,297.4797738
7/10/2024,291.6638943
7/11/2024,299.380517
7/12/2024,285.0601038
7/13/2024,276.2826049
7/14/2024,277.6996156
7/15/2024,279.5619584
7/16/2024,288.8345575
7/17/2024,301.5634563
7/18/2024,282.2636672
7/19/2024,285.5911275
7/20/2024,275.8441557
7/21/2024,279.7021865
7/22/2024,273.3370248
7/23/2024,287.2878719
7/24/2024,288.1959048
7/25/2024,291.0928346
7/26/2024,283.9505546
7/27/2024,269.6070652
7/28/2024,288.5709802
7/29/2024,285.229371
7/30/2024,288.7864227
7/31/2024,287.8373333
8/1/2024,280.8125008
8/2/2024,282.1101723
8/3/2024,281.2223991
8/4/2024,264.1663813
8/5/2024,277.50229
8/6/2024,283.4470141
8/7/2024,288.2699589
8/8/2024,292.8339316
8/9/2024,272.5503793
8/10/2024,271.8147991
8/11/2024,272.4468999
8/12/2024,273.8311719
8/13/2024,281.1660627
8/14/2024,290.8704766
8/15/2024,273.3672676
8/16/2024,280.6849076
8/17/2024,260.7494683
8/18/2024,270.6512857
8/19/2024,276.23143
8/20/2024,295.9960203
8/21/2024,281.1893582
8/22/2024,262.9023353
8/23/2024,260.0167013
8/24/2024,273.4138973
8/25/2024,278.8611417
8/26/2024,280.7124343
8/27/2024,282.812042
8/28/2024,291.5935144
8/29/2024,275.1369549
8/30/2024,282.1426469
8/31/2024,259.0956375
9/1/2024,265.7564217
9/2/2024,262.3327963
9/3/2024,278.3887361
9/4/2024,281.0773987
9/5/2024,279.5549262
9/6/2024,274.7035725
9/7/2024,263.9935105
9/8/2024,270.7736085
9/9/2024,264.1467371
9/10/2024,290.868456
9/11/2024,278.4318278
9/12/2024,274.1828636
9/13/2024,286.4106136
9/14/2024,261.0055425
9/15/2024,262.859642
9/16/2024,266.9647998
9/17/2024,279.0675637
9/18/2024,284.0016574
9/19/2024,283.7391686
9/20/2024,294.0430852
9/21/2024,252.7564694
9/22/2024,276.5831717
9/23/2024,271.1671389
9/24/2024,274.8496349
9/25/2024,275.561764
9/26/2024,270.5639625
9/27/2024,286.9967856
9/28/2024,277.5849599
9/29/2024,272.0347615
9/30/2024,286.6095249
10/1/2024,267.6592908
10/2/2024,270.134247
10/3/2024,260.7117234
10/4/2024,268.2680198
10/5/2024,272.5243155
10/6/2024,273.097586
10/7/2024,277.4630042
10/8/2024,268.9792405
10/9/2024,287.7545455
10/10/2024,280.6430837
10/11/2024,280.3594672
10/12/2024,256.7613328
10/13/2024,275.4802488
10/14/2024,267.5205366
10/15/2024,277.884155
10/16/2024,286.4397882
10/17/2024,280.3307366
10/18/2024,268.5988354
10/19/2024,272.9097595
10/20/2024,261.7320166
10/21/2024,287.2604078
10/22/2024,280.4955001
10/23/2024,292.2274973
10/24/2024,276.5429254
10/25/2024,272.414454
10/26/2024,267.976444
10/27/2024,282.2622425
10/28/2024,273.6892784
10/29/2024,288.6386096
10/30/2024,281.6008642
10/31/2024,266.3658556
11/1/2024,273.4956049
11/2/2024,266.1484644
11/3/2024,277.0514542
11/4/2024,271.4044791
11/5/2024,292.4879244
11/6/2024,285.5650395
11/7/2024,282.420454
11/8/2024,285.0070124
11/9/2024,285.0280323
11/10/2024,278.388159
11/11/2024,276.5596962
11/12/2024,272.7223267
11/13/2024,282.6711627
11/14/2024,280.800935
11/15/2024,282.5447756
11/16/2024,276.5145961
11/17/2024,286.0414755
11/18/2024,279.8440695
11/19/2024,288.5054629
11/20/2024,299.7077291
11/21/2024,290.5775437
11/22/2024,283.3398368
11/23/2024,276.6190125
11/24/2024,277.6573889
11/25/2024,280.1541374
11/26/2024,286.8701648
11/27/2024,298.542336
11/28/2024,288.3531934
11/29/2024,275.3309062
11/30/2024,297.9118833
12/1/2024,287.6373343
12/2/2024,278.0796786
12/3/2024,290.0608116
12/4/2024,295.8020698
12/5/2024,306.2029708
12/6/2024,279.7214638
12/7/2024,294.0508331
12/8/2024,298.7675501
12/9/2024,286.8174612
12/10/2024,293.9037392
12/11/2024,289.1688716
12/12/2024,293.4983752
12/13/2024,290.8682743
12/14/2024,294.1084709
12/15/2024,298.8953515
12/16/2024,288.4769382
12/17/2024,283.0123654
12/18/2024,299.927929
12/19/2024,300.1236437
12/20/2024,295.8156629
12/21/2024,288.886568
12/22/2024,293.8492442
12/23/2024,309.2705716
12/24/2024,304.4974085
12/25/2024,299.8100695
12/26/2024,296.4787469
12/27/2024,295.1716389
12/28/2024,307.308453
12/29/2024,294.1031353
12/30/2024,299.7099963
12/31/2024,300.308678
